#,Date,Transact. No,Buyer,Seller,Qty,Rate,Amount
1,2021/02/11,2021021103027869,7,51,30,162.0,4860.0
3,2021/02/11,2021021103027408,53,29,105,162.0,17010.0
5,2021/02/11,2021021103025760,34,34,410,162.0,66420.0
7,2021/02/11,2021021103024152,33,49,500,163.0,81500.0
9,2021/02/11,2021021103021849,42,41,10,162.0,1620.0
11,2021/02/11,2021021103020422,5,45,200,162.0,32400.0
13,2021/02/11,2021021103019246,58,49,30,163.0,4890.0
15,2021/02/11,2021021103018385,57,49,94,161.0,15134.0
17,2021/02/11,2021021103018381,52,49,50,161.0,8050.0
19,2021/02/11,2021021103016933,14,21,10,161.0,1610.0
21,2021/02/11,2021021103016703,17,49,200,162.0,32400.0
23,2021/02/11,2021021103016228,26,49,125,163.0,20375.0
25,2021/02/11,2021021103013878,48,21,498,162.0,80676.0
27,2021/02/11,2021021103012114,51,36,50,161.0,8050.0
29,2021/02/11,2021021103009294,45,21,240,162.0,38880.0
31,2021/02/11,2021021103006407,14,58,200,162.0,32400.0
33,2021/02/11,2021021103003414,53,35,60,163.0,9780.0
35,2021/02/11,2021021103002118,41,3,90,166.0,14940.0
37,2021/02/11,2021021103001927,33,42,500,168.0,84000.0
39,2021/02/11,2021021103001151,45,1,100,165.0,16500.0
41,2021/02/10,2021021003021397,29,26,211,163.0,34393.0
43,2021/02/10,2021021003020798,49,35,45,162.0,7290.0
45,2021/02/10,2021021003019466,21,35,100,163.0,16300.0
47,2021/02/10,2021021003017775,34,55,62,164.0,10168.0
49,2021/02/10,2021021003014954,34,38,200,162.0,32400.0
51,2021/02/11,2021021103028118,22,51,370,162.0,59940.0
53,2021/02/11,2021021103027409,50,29,395,162.0,63990.0
55,2021/02/11,2021021103025761,53,34,90,162.0,14580.0
57,2021/02/11,2021021103025045,28,49,93,163.0,15159.0
59,2021/02/11,2021021103022664,45,17,50,161.0,8050.0
61,2021/02/11,2021021103020669,42,45,10,162.0,1620.0
63,2021/02/11,2021021103019409,58,49,20,163.0,3260.0
65,2021/02/11,2021021103018796,42,4,15,162.0,2430.0
67,2021/02/11,2021021103018382,26,49,1000,161.0,161000.0
69,2021/02/11,2021021103018378,14,49,330,161.0,53130.0
71,2021/02/11,2021021103016704,58,49,1000,162.0,162000.0
73,2021/02/11,2021021103016229,26,29,185,163.0,30155.0
75,2021/02/11,2021021103013879,48,6,52,162.0,8424.0
77,2021/02/11,2021021103012115,36,36,100,161.0,16100.0
79,2021/02/11,2021021103009295,58,21,150,162.0,24300.0
81,2021/02/11,2021021103006528,25,58,10,162.0,1620.0
83,2021/02/11,2021021103003415,38,35,10,160.0,1600.0
85,2021/02/11,2021021103002976,19,42,12,163.0,1956.0
87,2021/02/11,2021021103001928,33,45,195,168.0,32760.0
89,2021/02/11,2021021103001608,32,6,110,167.0,18370.0
91,2021/02/10,2021021003021561,29,26,337,163.0,54931.0
93,2021/02/10,2021021003021235,49,19,660,162.0,106920.0
95,2021/02/10,2021021003019467,22,35,30,163.0,4890.0
97,2021/02/10,2021021003017776,34,52,38,164.0,6232.0
99,2021/02/10,2021021003015042,7,38,10,162.0,1620.0
101,2021/02/11,2021021103028183,17,51,600,162.0,97200.0
103,2021/02/11,2021021103027613,50,51,105,162.0,17010.0
105,2021/02/11,2021021103026041,53,17,80,162.0,12960.0
107,2021/02/11,2021021103025109,20,42,10,162.0,1620.0
109,2021/02/11,2021021103022665,40,17,250,161.0,40250.0
111,2021/02/11,2021021103021034,58,45,15,162.0,2430.0
113,2021/02/11,2021021103020187,49,45,15,162.0,2430.0
115,2021/02/11,2021021103018797,49,4,135,162.0,21870.0
117,2021/02/11,2021021103018383,42,49,100,161.0,16100.0
119,2021/02/11,2021021103018379,55,49,111,161.0,17871.0
121,2021/02/11,2021021103016705,45,49,150,162.0,24300.0
123,2021/02/11,2021021103016230,26,58,150,163.0,24450.0
125,2021/02/11,2021021103015832,33,33,825,163.0,134475.0
127,2021/02/11,2021021103012116,14,36,10,161.0,1610.0
129,2021/02/11,2021021103010156,17,21,12,162.0,1944.0
131,2021/02/11,2021021103006552,51,58,40,161.0,6440.0
133,2021/02/11,2021021103003416,3,35,142,160.0,22720.0
135,2021/02/11,2021021103003328,19,19,200,163.0,32600.0
137,2021/02/11,2021021103001988,32,3,222,167.0,37074.0
139,2021/02/11,2021021103001609,32,52,168,167.0,28056.0
141,2021/02/10,2021021003022059,53,19,250,162.0,40500.0
143,2021/02/10,2021021003021336,29,49,500,163.0,81500.0
145,2021/02/10,2021021003020392,49,58,200,162.0,32400.0
147,2021/02/10,2021021003018643,53,52,100,164.0,16400.0
149,2021/02/10,2021021003015158,34,38,210,161.0,33810.0
151,2021/02/11,2021021103028769,58,51,355,162.0,57510.0
153,2021/02/11,2021021103027614,56,51,100,162.0,16200.0
155,2021/02/11,2021021103026208,41,49,100,163.0,16300.0
157,2021/02/11,2021021103025608,34,42,90,162.0,14580.0
159,2021/02/11,2021021103023746,20,41,30,162.0,4860.0
161,2021/02/11,2021021103021607,58,45,350,162.0,56700.0
163,2021/02/11,2021021103020270,49,45,10,162.0,1620.0
165,2021/02/11,2021021103019104,38,49,10,163.0,1630.0
167,2021/02/11,2021021103018384,42,49,10,161.0,1610.0
169,2021/02/11,2021021103018380,34,49,180,161.0,28980.0
171,2021/02/11,2021021103016921,49,49,1000,162.0,162000.0
173,2021/02/11,2021021103016231,26,49,40,163.0,6520.0
175,2021/02/11,2021021103015833,33,49,175,163.0,28525.0
177,2021/02/11,2021021103013049,21,21,100,162.0,16200.0
179,2021/02/11,2021021103011583,51,41,10,161.0,1610.0
181,2021/02/11,2021021103008207,45,45,10,162.0,1620.0
183,2021/02/11,2021021103003443,3,35,50,160.0,8000.0
185,2021/02/11,2021021103003413,19,35,988,163.0,161044.0
187,2021/02/11,2021021103002038,36,3,1000,166.0,166000.0
189,2021/02/11,2021021103001786,45,42,500,168.0,84000.0
191,2021/02/11,2021021103000614,4,49,50,164.0,8200.0
193,2021/02/10,2021021003021337,29,56,50,163.0,8150.0
195,2021/02/10,2021021003020536,10,35,325,163.0,52975.0
197,2021/02/10,2021021003019160,58,52,14,164.0,2296.0
199,2021/02/10,2021021003015897,58,55,10,164.0,1640.0
101,2021/02/10,2021021003014489,38,39,20,162.0,3240.0
103,2021/02/10,2021021003014204,37,14,90,163.0,14670.0
105,2021/02/10,2021021003010178,58,11,10,162.0,1620.0
107,2021/02/10,2021021003009323,21,32,50,162.0,8100.0
109,2021/02/10,2021021003009288,34,52,100,163.0,16300.0
111,2021/02/10,2021021003008623,54,55,100,164.0,16400.0
113,2021/02/10,2021021003007174,10,42,50,166.0,8300.0
115,2021/02/10,2021021003006430,58,45,500,165.0,82500.0
117,2021/02/10,2021021003006389,58,38,2000,165.0,330000.0
119,2021/02/10,2021021003002625,7,49,500,163.0,81500.0
121,2021/02/10,2021021003000348,56,14,40,162.0,6480.0
123,2021/02/09,2021020903028621,50,16,500,163.0,81500.0
125,2021/02/09,2021020903028617,48,16,362,164.0,59368.0
127,2021/02/09,2021020903027724,7,33,80,166.0,13280.0
129,2021/02/09,2021020903027232,16,1,300,166.0,49800.0
131,2021/02/09,2021020903027204,39,14,300,165.0,49500.0
133,2021/02/09,2021020903026056,48,39,628,164.0,102992.0
135,2021/02/09,2021020903023437,50,41,400,163.0,65200.0
137,2021/02/09,2021020903021673,38,42,20,162.0,3240.0
139,2021/02/09,2021020903021284,4,41,30,163.0,4890.0
141,2021/02/09,2021020903019430,47,40,800,163.0,130400.0
143,2021/02/09,2021020903018953,36,49,20,164.0,3280.0
145,2021/02/09,2021020903017905,36,22,1000,164.0,164000.0
147,2021/02/09,2021020903017901,36,1,100,164.0,16400.0
149,2021/02/09,2021020903017128,50,3,70,163.0,11410.0
151,2021/02/10,2021021003014242,37,58,100,163.0,16300.0
153,2021/02/10,2021021003011724,41,14,200,163.0,32600.0
155,2021/02/10,2021021003009356,40,52,100,162.0,16200.0
157,2021/02/10,2021021003009290,14,52,20,163.0,3260.0
159,2021/02/10,2021021003009272,1,55,20,164.0,3280.0
161,2021/02/10,2021021003007302,10,47,175,166.0,29050.0
163,2021/02/10,2021021003007172,10,38,20,166.0,3320.0
165,2021/02/10,2021021003006428,58,19,1000,165.0,165000.0
167,2021/02/10,2021021003006231,11,17,100,164.0,16400.0
169,2021/02/10,2021021003000582,34,17,10,162.0,1620.0
171,2021/02/09,2021020903028623,6,16,200,163.0,32600.0
173,2021/02/09,2021020903028619,29,16,150,164.0,24600.0
175,2021/02/09,2021020903028219,42,10,10,165.0,1650.0
177,2021/02/09,2021020903027722,7,36,835,166.0,138610.0
179,2021/02/09,2021020903027230,16,34,45,165.0,7425.0
181,2021/02/09,2021020903026756,22,14,200,165.0,33000.0
183,2021/02/09,2021020903025300,38,39,300,164.0,49200.0
185,2021/02/09,2021020903021741,29,39,100,164.0,16400.0
187,2021/02/09,2021020903021595,42,39,10,164.0,1640.0
189,2021/02/09,2021020903021282,47,41,230,163.0,37490.0
191,2021/02/09,2021020903019266,36,39,244,164.0,40016.0
193,2021/02/09,2021020903018132,36,13,475,164.0,77900.0
195,2021/02/09,2021020903017903,36,14,547,164.0,89708.0
197,2021/02/09,2021020903017846,47,45,470,163.0,76610.0
199,2021/02/09,2021020903016547,57,25,70,164.0,11480.0
201,2021/02/10,2021021003014953,38,38,80,162.0,12960.0
203,2021/02/10,2021021003014205,37,34,10,163.0,1630.0
205,2021/02/10,2021021003011614,58,14,100,163.0,16300.0
207,2021/02/10,2021021003009355,21,52,10,162.0,1620.0
209,2021/02/10,2021021003009289,48,52,125,163.0,20375.0
211,2021/02/10,2021021003008624,29,55,200,164.0,32800.0
213,2021/02/10,2021021003007175,10,47,810,166.0,134460.0
215,2021/02/10,2021021003007171,10,22,20,166.0,3320.0
217,2021/02/10,2021021003006427,58,38,800,165.0,132000.0
219,2021/02/10,2021021003006025,58,40,165,163.0,26895.0
221,2021/02/10,2021021003000555,45,14,10,160.0,1600.0
223,2021/02/09,2021020903028622,26,16,100,163.0,16300.0
225,2021/02/09,2021020903028618,26,16,50,164.0,8200.0
227,2021/02/09,2021020903027725,7,40,35,166.0,5810.0
229,2021/02/09,2021020903027233,16,36,165,166.0,27390.0
231,2021/02/09,2021020903027229,16,14,440,165.0,72600.0
233,2021/02/09,2021020903026057,48,40,500,164.0,82000.0
235,2021/02/09,2021020903023438,50,22,100,163.0,16300.0
237,2021/02/09,2021020903021674,56,42,10,162.0,1620.0
239,2021/02/09,2021020903021285,40,41,300,163.0,48900.0
241,2021/02/09,2021020903020276,47,45,500,163.0,81500.0
243,2021/02/09,2021020903019081,36,56,20,164.0,3280.0
245,2021/02/09,2021020903018003,36,49,200,164.0,32800.0
247,2021/02/09,2021020903017902,36,42,40,164.0,6560.0
249,2021/02/09,2021020903017845,50,45,30,163.0,4890.0
251,2021/02/10,2021021003014421,58,39,15,162.0,2430.0
253,2021/02/10,2021021003011735,25,14,110,163.0,17930.0
255,2021/02/10,2021021003009937,58,42,10,162.0,1620.0
257,2021/02/10,2021021003009291,52,52,50,163.0,8150.0
259,2021/02/10,2021021003009287,58,52,835,163.0,136105.0
261,2021/02/10,2021021003007436,40,47,300,166.0,49800.0
263,2021/02/10,2021021003007173,10,26,100,166.0,16600.0
265,2021/02/10,2021021003006429,58,13,200,165.0,33000.0
267,2021/02/10,2021021003006232,11,35,50,164.0,8200.0
269,2021/02/10,2021021003000704,34,17,290,162.0,46980.0
271,2021/02/09,2021020903028624,34,16,38,163.0,6194.0
273,2021/02/09,2021020903028620,49,16,100,164.0,16400.0
275,2021/02/09,2021020903028526,48,19,10,164.0,1640.0
277,2021/02/09,2021020903027723,7,58,50,166.0,8300.0
279,2021/02/09,2021020903027231,16,17,50,165.0,8250.0
281,2021/02/09,2021020903026782,45,14,1000,165.0,165000.0
283,2021/02/09,2021020903026009,40,39,200,164.0,32800.0
285,2021/02/09,2021020903023023,14,41,100,163.0,16300.0
287,2021/02/09,2021020903021672,28,42,20,162.0,3240.0
289,2021/02/09,2021020903021283,21,41,50,163.0,8150.0
291,2021/02/09,2021020903019267,52,39,10,164.0,1640.0
293,2021/02/09,2021020903018305,49,14,60,165.0,9900.0
295,2021/02/09,2021020903017904,36,14,104,164.0,17056.0
297,2021/02/09,2021020903017900,36,25,250,164.0,41000.0
299,2021/02/09,2021020903017127,55,3,30,163.0,4890.0
201,2021/02/09,2021020903014594,17,19,27,162.0,4374.0
203,2021/02/09,2021020903010301,48,55,300,161.0,48300.0
205,2021/02/09,2021020903008921,36,35,480,162.0,77760.0
207,2021/02/09,2021020903007895,38,7,290,164.0,47560.0
209,2021/02/09,2021020903004914,42,55,10,165.0,1650.0
211,2021/02/09,2021020903002840,42,58,50,167.0,8350.0
213,2021/02/08,2021020803037072,1,16,40,162.0,6480.0
215,2021/02/08,2021020803036844,50,41,200,161.0,32200.0
217,2021/02/08,2021020803035623,32,41,100,162.0,16200.0
219,2021/02/08,2021020803034590,42,33,12,162.0,1944.0
221,2021/02/08,2021020803032570,38,41,10,164.0,1640.0
223,2021/02/08,2021020803032023,38,41,120,164.0,19680.0
225,2021/02/08,2021020803029392,57,57,76,163.0,12388.0
227,2021/02/08,2021020803029099,57,25,100,162.0,16200.0
229,2021/02/08,2021020803027432,17,34,500,162.0,81000.0
231,2021/02/08,2021020803025688,45,48,145,161.0,23345.0
233,2021/02/08,2021020803023843,20,48,115,161.0,18515.0
235,2021/02/08,2021020803023365,38,48,100,162.0,16200.0
237,2021/02/08,2021020803018881,28,50,1200,163.0,195600.0
239,2021/02/08,2021020803016526,21,17,30,162.0,4860.0
241,2021/02/08,2021020803009061,39,34,50,164.0,8200.0
243,2021/02/08,2021020803006903,20,59,50,166.0,8300.0
245,2021/02/08,2021020803005573,20,13,150,165.0,24750.0
247,2021/02/07,2021020703032857,49,7,400,163.0,65200.0
249,2021/02/07,2021020703032499,33,45,40,165.0,6600.0
251,2021/02/09,2021020903015414,57,17,10,163.0,1630.0
253,2021/02/09,2021020903011998,53,25,45,164.0,7380.0
255,2021/02/09,2021020903008923,42,35,10,162.0,1620.0
257,2021/02/09,2021020903007897,38,57,91,165.0,15015.0
259,2021/02/09,2021020903005798,28,7,10,163.0,1630.0
261,2021/02/09,2021020903002901,45,58,50,165.0,8250.0
263,2021/02/09,2021020903001732,41,45,10,168.0,1680.0
265,2021/02/08,2021020803036855,1,22,95,162.0,15390.0
267,2021/02/08,2021020803036842,45,41,28,161.0,4508.0
269,2021/02/08,2021020803035034,35,33,18,161.0,2898.0
271,2021/02/08,2021020803033117,50,57,230,162.0,37260.0
273,2021/02/08,2021020803032222,38,25,200,165.0,33000.0
275,2021/02/08,2021020803029552,45,19,27,161.0,4347.0
277,2021/02/08,2021020803029309,38,57,46,163.0,7498.0
279,2021/02/08,2021020803028609,45,34,10,162.0,1620.0
281,2021/02/08,2021020803025876,39,21,20,162.0,3240.0
283,2021/02/08,2021020803024402,38,48,200,162.0,32400.0
285,2021/02/08,2021020803023367,34,48,20,162.0,3240.0
287,2021/02/08,2021020803018883,28,41,300,164.0,49200.0
289,2021/02/08,2021020803017055,58,34,30,164.0,4920.0
291,2021/02/08,2021020803010158,42,13,50,162.0,8100.0
293,2021/02/08,2021020803008284,40,58,20,165.0,3300.0
295,2021/02/08,2021020803006216,39,13,18,165.0,2970.0
297,2021/02/08,2021020803003000,44,35,50,168.0,8400.0
299,2021/02/07,2021020703032638,33,50,100,165.0,16500.0
301,2021/02/09,2021020903014595,17,59,23,163.0,3749.0
303,2021/02/09,2021020903011549,3,25,40,164.0,6560.0
305,2021/02/09,2021020903008922,40,35,300,162.0,48600.0
307,2021/02/09,2021020903007896,38,7,19,164.0,3116.0
309,2021/02/09,2021020903005008,28,55,90,163.0,14670.0
311,2021/02/09,2021020903002900,28,58,20,165.0,3300.0
313,2021/02/09,2021020903000978,58,22,20,165.0,3300.0
315,2021/02/08,2021020803036845,35,41,52,161.0,8372.0
317,2021/02/08,2021020803036078,50,22,100,162.0,16200.0
319,2021/02/08,2021020803035033,45,33,428,161.0,68908.0
321,2021/02/08,2021020803032862,57,41,10,163.0,1630.0
323,2021/02/08,2021020803032024,38,38,20,164.0,3280.0
325,2021/02/08,2021020803029478,57,41,14,164.0,2296.0
327,2021/02/08,2021020803029100,57,21,20,162.0,3240.0
329,2021/02/08,2021020803028173,55,34,400,162.0,64800.0
331,2021/02/08,2021020803025875,39,14,200,162.0,32400.0
333,2021/02/08,2021020803024130,38,1,224,162.0,36288.0
335,2021/02/08,2021020803023366,45,48,50,162.0,8100.0
337,2021/02/08,2021020803018882,28,34,420,164.0,68880.0
339,2021/02/08,2021020803016527,13,17,15,161.0,2415.0
341,2021/02/08,2021020803010157,39,13,100,162.0,16200.0
343,2021/02/08,2021020803007642,4,59,500,166.0,83000.0
345,2021/02/08,2021020803005574,58,13,30,165.0,4950.0
347,2021/02/07,2021020703033033,50,17,10,165.0,1650.0
349,2021/02/07,2021020703032500,33,41,50,165.0,8250.0
351,2021/02/09,2021020903015680,50,17,40,163.0,6520.0
353,2021/02/09,2021020903014290,41,59,10,163.0,1630.0
355,2021/02/09,2021020903009024,48,35,20,161.0,3220.0
357,2021/02/09,2021020903008920,38,35,100,162.0,16200.0
359,2021/02/09,2021020903005799,38,7,100,163.0,16300.0
361,2021/02/09,2021020903003656,42,19,50,165.0,8250.0
363,2021/02/09,2021020903001733,41,22,40,168.0,6720.0
365,2021/02/08,2021020803036856,1,34,70,162.0,11340.0
367,2021/02/08,2021020803036843,49,41,20,161.0,3220.0
369,2021/02/08,2021020803035035,45,33,472,161.0,75992.0
371,2021/02/08,2021020803034589,50,33,70,162.0,11340.0
373,2021/02/08,2021020803032401,38,32,50,164.0,8200.0
375,2021/02/08,2021020803030230,7,41,46,164.0,7544.0
377,2021/02/08,2021020803029310,38,57,54,163.0,8802.0
379,2021/02/08,2021020803029098,57,34,90,162.0,14580.0
381,2021/02/08,2021020803027201,45,51,400,161.0,64400.0
383,2021/02/08,2021020803025687,20,48,85,161.0,13685.0
385,2021/02/08,2021020803023842,13,48,85,161.0,13685.0
387,2021/02/08,2021020803019099,14,41,20,164.0,3280.0
389,2021/02/08,2021020803018880,28,48,200,163.0,32600.0
391,2021/02/08,2021020803016227,21,14,10,162.0,1620.0
393,2021/02/08,2021020803008544,40,25,1980,165.0,326700.0
395,2021/02/08,2021020803006902,20,17,50,166.0,8300.0
397,2021/02/08,2021020803005343,39,17,50,166.0,8300.0
399,2021/02/07,2021020703032639,33,7,100,165.0,16500.0
301,2021/02/07,2021020703031225,3,58,250,164.0,41000.0
303,2021/02/07,2021020703031155,3,45,900,164.0,147600.0
305,2021/02/07,2021020703030484,49,33,1000,163.0,163000.0
307,2021/02/07,2021020703030480,49,57,298,163.0,48574.0
309,2021/02/07,2021020703030476,49,37,2500,162.0,405000.0
311,2021/02/07,2021020703030472,49,5,1000,162.0,162000.0
313,2021/02/07,2021020703030225,46,50,160,160.0,25600.0
315,2021/02/07,2021020703028847,46,58,45,159.0,7155.0
317,2021/02/07,2021020703025880,38,33,30,161.0,4830.0
319,2021/02/07,2021020703024741,41,45,140,161.0,22540.0
321,2021/02/07,2021020703024520,51,55,360,161.0,57960.0
323,2021/02/07,2021020703024245,43,25,657,160.0,105120.0
325,2021/02/07,2021020703022951,43,26,10,160.0,1600.0
327,2021/02/07,2021020703022178,43,42,10,160.0,1600.0
329,2021/02/07,2021020703021547,19,58,32,160.0,5120.0
331,2021/02/07,2021020703020475,49,58,804,159.0,127836.0
333,2021/02/07,2021020703020240,42,58,100,160.0,16000.0
335,2021/02/07,2021020703020185,51,35,990,160.0,158400.0
337,2021/02/07,2021020703019073,51,34,100,160.0,16000.0
339,2021/02/07,2021020703018303,22,58,100,160.0,16000.0
341,2021/02/07,2021020703018065,48,17,25,160.0,4000.0
343,2021/02/07,2021020703013531,48,45,60,161.0,9660.0
345,2021/02/07,2021020703012523,48,16,100,160.0,16000.0
347,2021/02/07,2021020703009518,21,34,100,162.0,16200.0
349,2021/02/07,2021020703003492,37,41,200,161.0,32200.0
351,2021/02/07,2021020703031407,3,45,10,165.0,1650.0
353,2021/02/07,2021020703031224,3,38,200,164.0,32800.0
355,2021/02/07,2021020703031154,3,45,100,164.0,16400.0
357,2021/02/07,2021020703030483,49,42,100,163.0,16300.0
359,2021/02/07,2021020703030479,49,53,2290,163.0,373270.0
361,2021/02/07,2021020703030475,49,6,50,162.0,8100.0
363,2021/02/07,2021020703030471,49,38,80,162.0,12960.0
365,2021/02/07,2021020703029612,46,41,125,160.0,20000.0
367,2021/02/07,2021020703027409,46,38,125,159.0,19875.0
369,2021/02/07,2021020703025815,41,33,177,161.0,28497.0
371,2021/02/07,2021020703024525,51,33,17,161.0,2737.0
373,2021/02/07,2021020703024519,51,13,30,160.0,4800.0
375,2021/02/07,2021020703024142,43,25,1000,160.0,160000.0
377,2021/02/07,2021020703022524,43,52,100,160.0,16000.0
379,2021/02/07,2021020703022177,43,25,1000,160.0,160000.0
381,2021/02/07,2021020703020991,46,8,1154,159.0,183486.0
383,2021/02/07,2021020703020474,45,58,400,159.0,63600.0
385,2021/02/07,2021020703020239,41,58,1000,160.0,160000.0
387,2021/02/07,2021020703020166,51,41,200,160.0,32000.0
389,2021/02/07,2021020703018620,51,40,62,160.0,9920.0
391,2021/02/07,2021020703018169,22,8,12,160.0,1920.0
393,2021/02/07,2021020703016473,34,45,10,161.0,1610.0
395,2021/02/07,2021020703013530,48,58,40,161.0,6440.0
397,2021/02/07,2021020703012238,57,58,100,161.0,16100.0
399,2021/02/07,2021020703009472,38,21,100,161.0,16100.0
401,2021/02/07,2021020703031405,3,58,85,164.0,13940.0
403,2021/02/07,2021020703031222,3,45,100,164.0,16400.0
405,2021/02/07,2021020703030485,49,47,100,163.0,16300.0
407,2021/02/07,2021020703030481,49,42,1000,163.0,163000.0
409,2021/02/07,2021020703030477,49,52,600,162.0,97200.0
411,2021/02/07,2021020703030473,49,33,500,162.0,81000.0
413,2021/02/07,2021020703030469,49,33,293,161.0,47173.0
415,2021/02/07,2021020703028901,42,59,300,160.0,48000.0
417,2021/02/07,2021020703026567,25,57,1000,160.0,160000.0
419,2021/02/07,2021020703024742,41,33,483,161.0,77763.0
421,2021/02/07,2021020703024521,51,57,200,161.0,32200.0
423,2021/02/07,2021020703024246,32,25,100,160.0,16000.0
425,2021/02/07,2021020703023480,58,45,60,161.0,9660.0
427,2021/02/07,2021020703022179,43,26,165,160.0,26400.0
429,2021/02/07,2021020703021720,47,58,100,160.0,16000.0
431,2021/02/07,2021020703020542,49,34,100,159.0,15900.0
433,2021/02/07,2021020703020472,48,58,500,159.0,79500.0
435,2021/02/07,2021020703020237,51,58,519,160.0,83040.0
437,2021/02/07,2021020703019407,51,32,112,160.0,17920.0
439,2021/02/07,2021020703018618,22,40,38,160.0,6080.0
441,2021/02/07,2021020703018167,48,8,138,160.0,22080.0
443,2021/02/07,2021020703013563,54,45,20,161.0,3220.0
445,2021/02/07,2021020703013345,48,28,37,160.0,5920.0
447,2021/02/07,2021020703009519,21,58,100,162.0,16200.0
449,2021/02/07,2021020703004153,45,51,100,161.0,16100.0
451,2021/02/07,2021020703031406,3,3,217,164.0,35588.0
453,2021/02/07,2021020703031223,3,7,450,164.0,73800.0
455,2021/02/07,2021020703030847,49,16,40,163.0,6520.0
457,2021/02/07,2021020703030482,49,42,100,163.0,16300.0
459,2021/02/07,2021020703030478,49,57,100,163.0,16300.0
461,2021/02/07,2021020703030474,49,25,2000,162.0,324000.0
463,2021/02/07,2021020703030470,49,25,1500,161.0,241500.0
465,2021/02/07,2021020703029473,46,11,100,160.0,16000.0
467,2021/02/07,2021020703026839,4,59,200,160.0,32000.0
469,2021/02/07,2021020703025586,41,59,200,161.0,32200.0
471,2021/02/07,2021020703024522,51,35,150,161.0,24150.0
473,2021/02/07,2021020703024518,51,25,243,160.0,38880.0
475,2021/02/07,2021020703023481,58,55,40,161.0,6440.0
477,2021/02/07,2021020703022214,43,45,1000,160.0,160000.0
479,2021/02/07,2021020703022176,43,58,1058,160.0,169280.0
481,2021/02/07,2021020703020990,49,8,96,159.0,15264.0
483,2021/02/07,2021020703020473,41,58,10,159.0,1590.0
485,2021/02/07,2021020703020238,19,58,200,160.0,32000.0
487,2021/02/07,2021020703020073,51,42,17,160.0,2720.0
489,2021/02/07,2021020703018619,28,40,100,160.0,16000.0
491,2021/02/07,2021020703018168,21,8,50,160.0,8000.0
493,2021/02/07,2021020703016307,48,3,100,160.0,16000.0
495,2021/02/07,2021020703013469,48,6,100,160.0,16000.0
497,2021/02/07,2021020703010107,6,38,170,162.0,27540.0
499,2021/02/07,2021020703006032,59,13,260,162.0,42120.0
401,2021/02/04,2021020403024085,13,25,2420,161.0,389620.0
403,2021/02/04,2021020403024081,51,25,600,161.0,96600.0
405,2021/02/04,2021020403023955,34,25,50,161.0,8050.0
407,2021/02/04,2021020403023608,34,25,220,162.0,35640.0
409,2021/02/04,2021020403023360,25,25,50,163.0,8150.0
411,2021/02/04,2021020403020061,33,25,10,164.0,1640.0
413,2021/02/04,2021020403018819,22,43,70,162.0,11340.0
415,2021/02/04,2021020403018051,6,38,30,162.0,4860.0
417,2021/02/04,2021020403018009,45,43,50,163.0,8150.0
419,2021/02/04,2021020403017793,20,25,200,164.0,32800.0
421,2021/02/04,2021020403015787,10,46,236,164.0,38704.0
423,2021/02/04,2021020403015423,21,48,50,163.0,8150.0
425,2021/02/04,2021020403014261,20,37,115,164.0,18860.0
427,2021/02/04,2021020403012721,40,58,5277,165.0,870705.0
429,2021/02/04,2021020403012282,40,29,93,165.0,15345.0
431,2021/02/04,2021020403012278,40,57,200,165.0,33000.0
433,2021/02/04,2021020403012274,40,29,1500,164.0,246000.0
435,2021/02/04,2021020403011289,34,45,30,163.0,4890.0
437,2021/02/04,2021020403010384,34,55,700,163.0,114100.0
439,2021/02/04,2021020403010039,42,39,15,163.0,2445.0
441,2021/02/04,2021020403009125,58,25,100,164.0,16400.0
443,2021/02/04,2021020403007499,22,42,60,164.0,9840.0
445,2021/02/04,2021020403006863,39,33,650,163.0,105950.0
447,2021/02/04,2021020403005266,34,36,500,163.0,81500.0
449,2021/02/03,2021020303025928,58,22,20,164.0,3280.0
451,2021/02/07,2021020703001214,43,35,10,164.0,1640.0
453,2021/02/04,2021020403024082,42,25,40,161.0,6440.0
455,2021/02/04,2021020403024013,4,42,200,161.0,32200.0
457,2021/02/04,2021020403023749,39,48,100,163.0,16300.0
459,2021/02/04,2021020403023557,13,25,790,162.0,127980.0
461,2021/02/04,2021020403021046,5,16,70,163.0,11410.0
463,2021/02/04,2021020403018820,19,43,300,162.0,48600.0
465,2021/02/04,2021020403018052,1,38,130,162.0,21060.0
467,2021/02/04,2021020403018048,57,38,40,162.0,6480.0
469,2021/02/04,2021020403017903,21,55,250,163.0,40750.0
471,2021/02/04,2021020403016143,26,42,1000,164.0,164000.0
473,2021/02/04,2021020403015439,21,52,135,163.0,22005.0
475,2021/02/04,2021020403014262,20,46,264,164.0,43296.0
477,2021/02/04,2021020403013517,21,45,30,163.0,4890.0
479,2021/02/04,2021020403012283,40,28,1000,165.0,165000.0
481,2021/02/04,2021020403012279,40,35,30,165.0,4950.0
483,2021/02/04,2021020403012275,40,19,50,164.0,8200.0
485,2021/02/04,2021020403011643,34,25,1000,163.0,163000.0
487,2021/02/04,2021020403010463,34,44,100,163.0,16300.0
489,2021/02/04,2021020403010040,34,39,485,163.0,79055.0
491,2021/02/04,2021020403009959,53,29,100,163.0,16300.0
493,2021/02/04,2021020403007500,22,56,90,164.0,14760.0
495,2021/02/04,2021020403006960,57,49,60,162.0,9720.0
497,2021/02/04,2021020403006304,34,32,150,163.0,24450.0
499,2021/02/04,2021020403000278,48,13,10,167.0,1670.0
501,2021/02/07,2021020703003491,45,41,100,161.0,16100.0
503,2021/02/04,2021020403024083,5,25,200,161.0,32200.0
505,2021/02/04,2021020403024079,41,25,200,161.0,32200.0
507,2021/02/04,2021020403023773,34,25,1780,162.0,288360.0
509,2021/02/04,2021020403023606,13,25,660,162.0,106920.0
511,2021/02/04,2021020403021827,42,25,10,163.0,1630.0
513,2021/02/04,2021020403019141,25,43,120,162.0,19440.0
515,2021/02/04,2021020403018107,1,16,70,162.0,11340.0
517,2021/02/04,2021020403018049,1,38,300,162.0,48600.0
519,2021/02/04,2021020403018007,21,43,135,163.0,22005.0
521,2021/02/04,2021020403016499,35,52,200,164.0,32800.0
523,2021/02/04,2021020403015440,21,52,65,163.0,10595.0
525,2021/02/04,2021020403014646,21,14,200,163.0,32600.0
527,2021/02/04,2021020403013570,21,54,10,163.0,1630.0
529,2021/02/04,2021020403012284,40,38,520,165.0,85800.0
531,2021/02/04,2021020403012280,40,45,200,165.0,33000.0
533,2021/02/04,2021020403012276,40,48,20,164.0,3280.0
535,2021/02/04,2021020403012272,40,45,500,163.0,81500.0
537,2021/02/04,2021020403010848,34,16,40,163.0,6520.0
539,2021/02/04,2021020403010147,34,45,30,163.0,4890.0
541,2021/02/04,2021020403010037,59,42,500,164.0,82000.0
543,2021/02/04,2021020403008756,54,42,10,164.0,1640.0
545,2021/02/04,2021020403007497,22,34,50,164.0,8200.0
547,2021/02/04,2021020403006388,42,39,40,164.0,6560.0
549,2021/02/04,2021020403000812,58,13,10,167.0,1670.0
551,2021/02/04,2021020403024084,4,25,40,161.0,6440.0
553,2021/02/04,2021020403024080,14,25,500,161.0,80500.0
555,2021/02/04,2021020403023774,38,25,166,162.0,26892.0
557,2021/02/04,2021020403023607,49,25,50,162.0,8100.0
559,2021/02/04,2021020403022446,50,25,10,163.0,1630.0
561,2021/02/04,2021020403019601,13,47,1550,162.0,251100.0
563,2021/02/04,2021020403018108,22,16,130,162.0,21060.0
565,2021/02/04,2021020403018050,1,38,500,162.0,81000.0
567,2021/02/04,2021020403018008,3,43,30,163.0,4890.0
569,2021/02/04,2021020403016500,35,42,300,164.0,49200.0
571,2021/02/04,2021020403015468,21,6,50,163.0,8150.0
573,2021/02/04,2021020403015076,21,25,75,163.0,12225.0
575,2021/02/04,2021020403014032,33,37,80,164.0,13120.0
577,2021/02/04,2021020403012298,40,45,30,165.0,4950.0
579,2021/02/04,2021020403012281,40,38,100,165.0,16500.0
581,2021/02/04,2021020403012277,40,59,80,165.0,13200.0
583,2021/02/04,2021020403012273,40,25,400,164.0,65600.0
585,2021/02/04,2021020403011194,34,25,815,163.0,132845.0
587,2021/02/04,2021020403010203,34,25,1800,163.0,293400.0
589,2021/02/04,2021020403010038,59,25,500,164.0,82000.0
591,2021/02/04,2021020403008820,54,43,290,164.0,47560.0
593,2021/02/04,2021020403007498,22,39,160,164.0,26240.0
595,2021/02/04,2021020403006406,34,33,350,163.0,57050.0
597,2021/02/04,2021020403001120,42,14,500,164.0,82000.0
599,2021/02/03,2021020303025832,34,25,4237,163.0,690631.0
501,2021/02/03,2021020303025244,1,16,50,162.0,8100.0
503,2021/02/03,2021020303025148,34,25,246,163.0,40098.0
505,2021/02/03,2021020303024284,34,5,90,163.0,14670.0
507,2021/02/03,2021020303021635,34,38,500,163.0,81500.0
509,2021/02/03,2021020303020701,1,43,250,162.0,40500.0
511,2021/02/03,2021020303020459,7,25,50,162.0,8100.0
513,2021/02/03,2021020303020455,34,25,500,162.0,81000.0
515,2021/02/03,2021020303020451,46,25,250,162.0,40500.0
517,2021/02/03,2021020303019073,28,59,200,163.0,32600.0
519,2021/02/03,2021020303018368,34,25,175,164.0,28700.0
521,2021/02/03,2021020303014524,49,59,300,163.0,48900.0
523,2021/02/03,2021020303013720,13,55,82,162.0,13284.0
525,2021/02/03,2021020303013240,1,49,300,163.0,48900.0
527,2021/02/03,2021020303013236,19,49,50,162.0,8100.0
529,2021/02/03,2021020303012246,51,45,20,162.0,3240.0
531,2021/02/03,2021020303011503,17,6,300,163.0,48900.0
533,2021/02/03,2021020303010534,58,25,500,165.0,82500.0
535,2021/02/03,2021020303009666,48,49,40,163.0,6520.0
537,2021/02/03,2021020303007472,10,5,300,163.0,48900.0
539,2021/02/03,2021020303005678,38,47,70,165.0,11550.0
541,2021/02/03,2021020303005605,48,45,150,165.0,24750.0
543,2021/02/03,2021020303004321,16,42,340,168.0,57120.0
545,2021/02/03,2021020303002017,58,25,100,168.0,16800.0
547,2021/02/02,2021020203025552,36,14,867,166.0,143922.0
549,2021/02/02,2021020203024864,26,21,37,166.0,6142.0
551,2021/02/03,2021020303025151,1,25,200,163.0,32600.0
553,2021/02/03,2021020303025052,58,22,134,164.0,21976.0
555,2021/02/03,2021020303022443,34,43,250,163.0,40750.0
557,2021/02/03,2021020303021484,34,59,539,163.0,87857.0
559,2021/02/03,2021020303020598,5,25,282,162.0,45684.0
561,2021/02/03,2021020303020458,41,25,500,162.0,81000.0
563,2021/02/03,2021020303020454,48,25,500,162.0,81000.0
565,2021/02/03,2021020303020450,33,25,30,162.0,4860.0
567,2021/02/03,2021020303018974,17,59,11,163.0,1793.0
569,2021/02/03,2021020303017167,52,28,300,163.0,48900.0
571,2021/02/03,2021020303014355,22,59,500,163.0,81500.0
573,2021/02/03,2021020303013699,6,28,360,163.0,58680.0
575,2021/02/03,2021020303013239,1,57,1000,162.0,162000.0
577,2021/02/03,2021020303013235,51,49,130,162.0,21060.0
579,2021/02/03,2021020303012245,54,45,70,162.0,11340.0
581,2021/02/03,2021020303011355,37,25,100,164.0,16400.0
583,2021/02/03,2021020303010314,43,25,500,165.0,82500.0
585,2021/02/03,2021020303009665,51,49,100,164.0,16400.0
587,2021/02/03,2021020303007448,11,37,10,166.0,1660.0
589,2021/02/03,2021020303005608,38,45,340,165.0,56100.0
591,2021/02/03,2021020303005604,34,45,100,165.0,16500.0
593,2021/02/03,2021020303004320,16,42,10,168.0,1680.0
595,2021/02/03,2021020303001402,54,25,30,165.0,4950.0
597,2021/02/02,2021020203025551,29,14,1000,166.0,166000.0
599,2021/02/02,2021020203024773,37,59,500,167.0,83500.0
601,2021/02/03,2021020303025766,47,38,500,162.0,81000.0
603,2021/02/03,2021020303025149,17,25,307,163.0,50041.0
605,2021/02/03,2021020303024575,52,34,10,164.0,1640.0
607,2021/02/03,2021020303022249,34,56,125,163.0,20375.0
609,2021/02/03,2021020303020801,1,14,200,162.0,32400.0
611,2021/02/03,2021020303020460,52,25,500,162.0,81000.0
613,2021/02/03,2021020303020456,59,25,700,162.0,113400.0
615,2021/02/03,2021020303020452,5,25,30,162.0,4860.0
617,2021/02/03,2021020303020448,13,25,68,162.0,11016.0
619,2021/02/03,2021020303018369,34,34,25,164.0,4100.0
621,2021/02/03,2021020303014875,49,59,65,163.0,10595.0
623,2021/02/03,2021020303014246,22,36,500,163.0,81500.0
625,2021/02/03,2021020303013561,6,49,40,163.0,6520.0
627,2021/02/03,2021020303013237,39,49,100,162.0,16200.0
629,2021/02/03,2021020303012445,59,49,500,163.0,81500.0
631,2021/02/03,2021020303011742,54,57,100,162.0,16200.0
633,2021/02/03,2021020303011045,43,25,190,165.0,31350.0
635,2021/02/03,2021020303009667,17,49,410,163.0,66830.0
637,2021/02/03,2021020303007473,19,5,100,163.0,16300.0
639,2021/02/03,2021020303005679,44,47,10,165.0,1650.0
641,2021/02/03,2021020303005606,52,45,20,165.0,3300.0
643,2021/02/03,2021020303005360,37,54,300,166.0,49800.0
645,2021/02/03,2021020303004137,6,25,250,168.0,42000.0
647,2021/02/03,2021020303001400,58,25,20,166.0,3320.0
649,2021/02/02,2021020203025366,35,59,40,167.0,6680.0
651,2021/02/03,2021020303025150,58,25,10,163.0,1630.0
653,2021/02/03,2021020303025051,58,34,466,164.0,76424.0
655,2021/02/03,2021020303022418,34,43,250,163.0,40750.0
657,2021/02/03,2021020303021084,19,59,50,163.0,8150.0
659,2021/02/03,2021020303020461,59,25,500,162.0,81000.0
661,2021/02/03,2021020303020457,13,25,300,162.0,48600.0
663,2021/02/03,2021020303020453,44,25,90,162.0,14580.0
665,2021/02/03,2021020303020449,10,25,200,162.0,32400.0
667,2021/02/03,2021020303018479,52,59,200,163.0,32600.0
669,2021/02/03,2021020303015488,37,59,135,163.0,22005.0
671,2021/02/03,2021020303014304,51,25,100,164.0,16400.0
673,2021/02/03,2021020303013651,6,48,100,163.0,16300.0
675,2021/02/03,2021020303013238,25,49,220,162.0,35640.0
677,2021/02/03,2021020303012808,16,49,40,163.0,6520.0
679,2021/02/03,2021020303012110,29,49,120,163.0,19560.0
681,2021/02/03,2021020303011046,43,25,810,165.0,133650.0
683,2021/02/03,2021020303010150,8,25,30,165.0,4950.0
685,2021/02/03,2021020303007474,48,5,100,163.0,16300.0
687,2021/02/03,2021020303007174,11,17,40,166.0,6640.0
689,2021/02/03,2021020303005607,38,45,590,165.0,97350.0
691,2021/02/03,2021020303005443,37,45,700,166.0,116200.0
693,2021/02/03,2021020303004319,16,25,50,168.0,8400.0
695,2021/02/03,2021020303001401,21,25,50,166.0,8300.0
697,2021/02/02,2021020203025550,26,14,13,166.0,2158.0
699,2021/02/02,2021020203024642,26,17,200,166.0,33200.0
601,2021/02/02,2021020203024389,34,59,169,167.0,28223.0
603,2021/02/02,2021020203022999,22,26,20,166.0,3320.0
605,2021/02/02,2021020203019733,28,56,200,164.0,32800.0
607,2021/02/02,2021020203019721,22,50,75,165.0,12375.0
609,2021/02/02,2021020203018891,52,40,260,165.0,42900.0
611,2021/02/02,2021020203018887,57,40,30,165.0,4950.0
613,2021/02/02,2021020203018737,40,11,80,167.0,13360.0
615,2021/02/02,2021020203017413,58,56,10,168.0,1680.0
617,2021/02/02,2021020203013840,57,51,100,168.0,16800.0
619,2021/02/02,2021020203013657,8,53,100,167.0,16700.0
621,2021/02/02,2021020203013373,11,6,100,166.0,16600.0
623,2021/02/02,2021020203010990,45,41,10,167.0,1670.0
625,2021/02/02,2021020203008329,58,55,150,164.0,24600.0
627,2021/02/02,2021020203008325,43,55,100,164.0,16400.0
629,2021/02/02,2021020203008321,34,55,50,165.0,8250.0
631,2021/02/02,2021020203007608,43,53,100,166.0,16600.0
633,2021/02/02,2021020203004893,51,41,70,167.0,11690.0
635,2021/02/02,2021020203004421,42,42,50,167.0,8350.0
637,2021/02/02,2021020203004055,35,6,500,168.0,84000.0
639,2021/02/02,2021020203002729,38,3,50,170.0,8500.0
641,2021/02/02,2021020203002234,57,47,10,173.0,1730.0
643,2021/02/02,2021020203001724,50,29,380,170.0,64600.0
645,2021/02/02,2021020203001627,58,22,300,174.0,52200.0
647,2021/02/02,2021020203001446,13,57,100,175.0,17500.0
649,2021/02/02,2021020203001024,39,52,200,175.0,35000.0
651,2021/02/02,2021020203023599,41,25,250,167.0,41750.0
653,2021/02/02,2021020203021571,39,14,20,167.0,3340.0
655,2021/02/02,2021020203019731,45,56,529,164.0,86756.0
657,2021/02/02,2021020203018893,46,40,1000,165.0,165000.0
659,2021/02/02,2021020203018889,54,40,50,165.0,8250.0
661,2021/02/02,2021020203018885,40,40,375,167.0,62625.0
663,2021/02/02,2021020203018735,19,11,100,167.0,16700.0
665,2021/02/02,2021020203014383,17,57,20,170.0,3400.0
667,2021/02/02,2021020203013659,8,45,90,167.0,15030.0
669,2021/02/02,2021020203013469,29,41,200,167.0,33400.0
671,2021/02/02,2021020203013207,36,41,500,167.0,83500.0
673,2021/02/02,2021020203009128,34,1,100,165.0,16500.0
675,2021/02/02,2021020203008327,13,55,100,164.0,16400.0
677,2021/02/02,2021020203008323,42,55,200,165.0,33000.0
679,2021/02/02,2021020203008184,39,41,13,167.0,2171.0
681,2021/02/02,2021020203006076,34,10,20,165.0,3300.0
683,2021/02/02,2021020203004467,49,51,15,164.0,2460.0
685,2021/02/02,2021020203004124,17,6,100,167.0,16700.0
687,2021/02/02,2021020203003697,58,3,20,170.0,3400.0
689,2021/02/02,2021020203002421,21,38,38,170.0,6460.0
691,2021/02/02,2021020203001984,59,38,160,173.0,27680.0
693,2021/02/02,2021020203001722,49,29,100,172.0,17200.0
695,2021/02/02,2021020203001596,6,28,200,173.0,34600.0
697,2021/02/02,2021020203001411,26,29,1000,175.0,175000.0
699,2021/02/02,2021020203000976,39,40,100,175.0,17500.0
701,2021/02/02,2021020203024388,34,25,62,167.0,10354.0
703,2021/02/02,2021020203022355,59,45,500,165.0,82500.0
705,2021/02/02,2021020203019732,45,56,100,164.0,16400.0
707,2021/02/02,2021020203018973,45,40,1471,164.0,241244.0
709,2021/02/02,2021020203018890,34,40,100,165.0,16500.0
711,2021/02/02,2021020203018886,39,40,50,165.0,8250.0
713,2021/02/02,2021020203018736,4,11,20,167.0,3340.0
715,2021/02/02,2021020203015636,41,56,317,168.0,53256.0
717,2021/02/02,2021020203013660,8,42,95,167.0,15865.0
719,2021/02/02,2021020203013656,8,41,10,167.0,1670.0
721,2021/02/02,2021020203013242,44,41,100,167.0,16700.0
723,2021/02/02,2021020203009129,39,1,50,165.0,8250.0
725,2021/02/02,2021020203008328,56,55,200,164.0,32800.0
727,2021/02/02,2021020203008324,4,55,15,164.0,2460.0
729,2021/02/02,2021020203008320,33,55,20,166.0,3320.0
731,2021/02/02,2021020203006670,34,26,530,165.0,87450.0
733,2021/02/02,2021020203004758,51,42,50,167.0,8350.0
735,2021/02/02,2021020203004420,52,42,200,167.0,33400.0
737,2021/02/02,2021020203004054,52,6,10,168.0,1680.0
739,2021/02/02,2021020203002557,21,36,12,172.0,2064.0
741,2021/02/02,2021020203001985,59,57,40,173.0,6920.0
743,2021/02/02,2021020203001723,40,29,20,170.0,3400.0
745,2021/02/02,2021020203001626,58,28,200,173.0,34600.0
747,2021/02/02,2021020203001445,13,57,150,175.0,26250.0
749,2021/02/02,2021020203000977,39,44,200,175.0,35000.0
751,2021/02/02,2021020203023000,26,26,250,166.0,41500.0
753,2021/02/02,2021020203019734,34,56,269,164.0,44116.0
755,2021/02/02,2021020203019730,22,56,25,165.0,4125.0
757,2021/02/02,2021020203018892,46,40,50,165.0,8250.0
759,2021/02/02,2021020203018888,34,40,150,165.0,24750.0
761,2021/02/02,2021020203018813,40,57,45,167.0,7515.0
763,2021/02/02,2021020203018592,53,56,50,168.0,8400.0
765,2021/02/02,2021020203014101,57,6,900,168.0,151200.0
767,2021/02/02,2021020203013658,8,25,200,167.0,33400.0
769,2021/02/02,2021020203013374,36,6,300,166.0,49800.0
771,2021/02/02,2021020203012923,58,41,150,167.0,25050.0
773,2021/02/02,2021020203008330,46,55,102,164.0,16728.0
775,2021/02/02,2021020203008326,19,55,100,164.0,16400.0
777,2021/02/02,2021020203008322,40,55,20,165.0,3300.0
779,2021/02/02,2021020203008090,39,3,380,166.0,63080.0
781,2021/02/02,2021020203005946,6,41,20,167.0,3340.0
783,2021/02/02,2021020203004466,56,51,10,164.0,1640.0
785,2021/02/02,2021020203004123,3,6,300,167.0,50100.0
787,2021/02/02,2021020203002996,40,3,50,170.0,8500.0
789,2021/02/02,2021020203002292,42,38,12,170.0,2040.0
791,2021/02/02,2021020203001784,35,57,105,170.0,17850.0
793,2021/02/02,2021020203001663,49,59,100,172.0,17200.0
795,2021/02/02,2021020203001595,25,28,100,173.0,17300.0
797,2021/02/02,2021020203001291,39,10,500,175.0,87500.0
799,2021/02/02,2021020203000956,13,40,300,175.0,52500.0
701,2021/02/02,2021020203000754,25,56,200,175.0,35000.0
703,2021/02/02,2021020203000425,26,26,10,173.0,1730.0
705,2021/02/01,2021020103023810,20,40,300,170.0,51000.0
707,2021/02/01,2021020103023766,57,41,100,169.0,16900.0
709,2021/02/01,2021020103023140,57,14,1000,170.0,170000.0
711,2021/02/01,2021020103022754,32,32,100,170.0,17000.0
713,2021/02/01,2021020103022522,53,39,10,170.0,1700.0
715,2021/02/01,2021020103022122,14,5,83,170.0,14110.0
717,2021/02/01,2021020103022103,45,32,40,168.0,6720.0
719,2021/02/01,2021020103021186,32,58,55,169.0,9295.0
721,2021/02/01,2021020103020869,37,8,500,170.0,85000.0
723,2021/02/01,2021020103020865,37,55,48,170.0,8160.0
725,2021/02/01,2021020103020629,20,45,30,170.0,5100.0
727,2021/02/01,2021020103020250,39,45,20,170.0,3400.0
729,2021/02/01,2021020103019792,49,45,50,167.0,8350.0
731,2021/02/01,2021020103019788,49,39,50,165.0,8250.0
733,2021/02/01,2021020103019746,49,5,200,163.0,32600.0
735,2021/02/01,2021020103017870,55,34,150,163.0,24450.0
737,2021/02/01,2021020103017848,49,53,1400,162.0,226800.0
739,2021/02/01,2021020103017620,14,6,100,162.0,16200.0
741,2021/02/01,2021020103017616,14,28,360,162.0,58320.0
743,2021/02/01,2021020103015982,39,28,20,162.0,3240.0
745,2021/02/01,2021020103015640,14,18,10,161.0,1610.0
747,2021/02/01,2021020103015410,14,38,40,160.0,6400.0
749,2021/02/01,2021020103015026,39,39,405,160.0,64800.0
751,2021/02/02,2021020203000544,46,55,50,174.0,8700.0
753,2021/02/02,2021020203000343,4,38,10,173.0,1730.0
755,2021/02/01,2021020103023808,20,14,29,170.0,4930.0
757,2021/02/01,2021020103023739,40,32,20,169.0,3380.0
759,2021/02/01,2021020103022854,41,48,383,170.0,65110.0
761,2021/02/01,2021020103022665,57,39,100,170.0,17000.0
763,2021/02/01,2021020103022125,14,39,267,170.0,45390.0
765,2021/02/01,2021020103022110,41,45,490,170.0,83300.0
767,2021/02/01,2021020103021986,32,32,100,169.0,16900.0
769,2021/02/01,2021020103020994,38,58,100,170.0,17000.0
771,2021/02/01,2021020103020867,37,45,100,170.0,17000.0
773,2021/02/01,2021020103020682,45,55,100,170.0,17000.0
775,2021/02/01,2021020103020536,37,26,55,169.0,9295.0
777,2021/02/01,2021020103019875,45,16,50,170.0,8500.0
779,2021/02/01,2021020103019790,49,45,50,165.0,8250.0
781,2021/02/01,2021020103019748,49,5,500,164.0,82000.0
783,2021/02/01,2021020103019655,49,41,35,162.0,5670.0
785,2021/02/01,2021020103017850,49,47,1300,162.0,210600.0
787,2021/02/01,2021020103017846,49,49,110,162.0,17820.0
789,2021/02/01,2021020103017618,14,45,200,162.0,32400.0
791,2021/02/01,2021020103016473,57,28,100,162.0,16200.0
793,2021/02/01,2021020103015756,14,48,55,161.0,8855.0
795,2021/02/01,2021020103015492,39,14,10,161.0,1610.0
797,2021/02/01,2021020103015213,39,44,100,160.0,16000.0
799,2021/02/01,2021020103013798,43,1,50,159.0,7950.0
801,2021/02/02,2021020203000516,13,14,100,173.0,17300.0
803,2021/02/02,2021020203000170,41,56,100,171.0,17100.0
805,2021/02/01,2021020103023767,39,41,720,169.0,121680.0
807,2021/02/01,2021020103023146,58,14,170,170.0,28900.0
809,2021/02/01,2021020103022755,32,48,417,170.0,70890.0
811,2021/02/01,2021020103022565,45,39,40,170.0,6800.0
813,2021/02/01,2021020103022123,14,17,150,170.0,25500.0
815,2021/02/01,2021020103022109,41,58,293,170.0,49810.0
817,2021/02/01,2021020103021817,53,58,10,170.0,1700.0
819,2021/02/01,2021020103020870,37,58,97,170.0,16490.0
821,2021/02/01,2021020103020866,37,41,75,170.0,12750.0
823,2021/02/01,2021020103020630,20,55,52,170.0,8840.0
825,2021/02/01,2021020103020389,41,19,10,168.0,1680.0
827,2021/02/01,2021020103019793,49,25,600,167.0,100200.0
829,2021/02/01,2021020103019789,49,41,400,165.0,66000.0
831,2021/02/01,2021020103019747,49,55,1000,164.0,164000.0
833,2021/02/01,2021020103017915,55,5,500,164.0,82000.0
835,2021/02/01,2021020103017849,49,37,110,162.0,17820.0
837,2021/02/01,2021020103017621,14,49,140,162.0,22680.0
839,2021/02/01,2021020103017617,14,13,200,162.0,32400.0
841,2021/02/01,2021020103016367,58,46,52,161.0,8372.0
843,2021/02/01,2021020103015641,14,48,45,161.0,7245.0
845,2021/02/01,2021020103015411,14,39,100,160.0,16000.0
847,2021/02/01,2021020103015027,39,44,595,160.0,95200.0
849,2021/02/01,2021020103013187,43,16,39,159.0,6201.0
851,2021/02/02,2021020203000545,46,39,50,176.0,8800.0
853,2021/02/02,2021020203000424,26,38,90,173.0,15570.0
855,2021/02/01,2021020103023809,20,17,100,170.0,17000.0
857,2021/02/01,2021020103023765,40,41,180,169.0,30420.0
859,2021/02/01,2021020103022855,41,14,117,170.0,19890.0
861,2021/02/01,2021020103022753,32,39,83,170.0,14110.0
863,2021/02/01,2021020103022434,49,58,5,167.0,835.0
865,2021/02/01,2021020103022111,41,5,217,170.0,36890.0
867,2021/02/01,2021020103022102,41,32,10,168.0,1680.0
869,2021/02/01,2021020103021010,37,10,445,169.0,75205.0
871,2021/02/01,2021020103020868,37,58,50,170.0,8500.0
873,2021/02/01,2021020103020864,37,16,130,170.0,22100.0
875,2021/02/01,2021020103020545,37,4,500,169.0,84500.0
877,2021/02/01,2021020103020178,39,55,52,167.0,8684.0
879,2021/02/01,2021020103019791,49,41,1000,166.0,166000.0
881,2021/02/01,2021020103019787,49,26,500,165.0,82500.0
883,2021/02/01,2021020103019656,22,41,65,162.0,10530.0
885,2021/02/01,2021020103017869,55,45,50,163.0,8150.0
887,2021/02/01,2021020103017847,49,41,45,162.0,7290.0
889,2021/02/01,2021020103017619,14,47,1000,162.0,162000.0
891,2021/02/01,2021020103016773,41,28,20,162.0,3240.0
893,2021/02/01,2021020103015757,14,8,145,161.0,23345.0
895,2021/02/01,2021020103015493,39,37,90,161.0,14490.0
897,2021/02/01,2021020103015409,14,44,305,160.0,48800.0
899,2021/02/01,2021020103014596,33,39,1000,160.0,160000.0
801,2021/02/01,2021020103012725,20,5,10,158.0,1580.0
803,2021/02/01,2021020103010817,20,17,300,158.0,47400.0
805,2021/02/01,2021020103008918,43,17,30,159.0,4770.0
807,2021/02/01,2021020103006220,8,5,463,159.0,73617.0
809,2021/02/01,2021020103005223,26,8,211,157.0,33127.0
811,2021/02/01,2021020103004928,25,6,100,158.0,15800.0
813,2021/02/01,2021020103004273,26,57,10,157.0,1570.0
815,2021/02/01,2021020103002950,25,17,500,155.0,77500.0
817,2021/02/01,2021020103002896,38,38,200,158.0,31600.0
819,2021/02/01,2021020103002479,19,38,200,158.0,31600.0
821,2021/02/01,2021020103002287,32,55,300,157.0,47100.0
823,2021/02/01,2021020103000927,42,55,100,155.0,15500.0
825,2021/02/01,2021020103000313,42,55,10,155.0,1550.0
827,2021/01/31,2021013103024872,58,35,20,156.0,3120.0
829,2021/01/31,2021013103024378,36,35,50,156.0,7800.0
831,2021/01/31,2021013103023180,45,38,400,157.0,62800.0
833,2021/01/31,2021013103022961,20,45,121,155.0,18755.0
835,2021/01/31,2021013103022424,14,45,879,156.0,137124.0
837,2021/01/31,2021013103022420,54,45,869,155.0,134695.0
839,2021/01/31,2021013103021518,56,57,10,155.0,1550.0
841,2021/01/31,2021013103020477,33,58,180,155.0,27900.0
843,2021/01/31,2021013103019528,57,46,15,156.0,2340.0
845,2021/01/31,2021013103018872,48,57,100,155.0,15500.0
847,2021/01/31,2021013103018868,34,57,50,155.0,7750.0
849,2021/01/31,2021013103018456,52,40,20,156.0,3120.0
851,2021/02/01,2021020103010834,20,57,68,158.0,10744.0
853,2021/02/01,2021020103009977,58,39,45,160.0,7200.0
855,2021/02/01,2021020103008787,17,39,100,160.0,16000.0
857,2021/02/01,2021020103006218,17,5,10,159.0,1590.0
859,2021/02/01,2021020103005221,17,8,200,158.0,31600.0
861,2021/02/01,2021020103004454,49,38,200,158.0,31600.0
863,2021/02/01,2021020103002952,59,17,200,155.0,31000.0
865,2021/02/01,2021020103002948,58,17,40,157.0,6280.0
867,2021/02/01,2021020103002609,26,38,300,158.0,47400.0
869,2021/02/01,2021020103002428,41,26,300,157.0,47100.0
871,2021/02/01,2021020103001991,16,55,100,157.0,15700.0
873,2021/02/01,2021020103000451,21,55,35,155.0,5425.0
875,2021/01/31,2021013103025362,48,35,162,155.0,25110.0
877,2021/01/31,2021013103024689,1,35,100,156.0,15600.0
879,2021/01/31,2021013103023687,48,37,20,156.0,3120.0
881,2021/01/31,2021013103023163,36,40,480,155.0,74400.0
883,2021/01/31,2021013103022514,42,14,200,154.0,30800.0
885,2021/01/31,2021013103022422,14,45,931,155.0,144305.0
887,2021/01/31,2021013103021876,46,40,30,155.0,4650.0
889,2021/01/31,2021013103021254,57,55,40,156.0,6240.0
891,2021/01/31,2021013103019955,57,35,566,155.0,87730.0
893,2021/01/31,2021013103018874,49,57,58,155.0,8990.0
895,2021/01/31,2021013103018870,14,57,50,155.0,7750.0
897,2021/01/31,2021013103018866,36,57,300,156.0,46800.0
899,2021/01/31,2021013103018419,52,25,449,156.0,70044.0
901,2021/02/01,2021020103012120,45,26,10,159.0,1590.0
903,2021/02/01,2021020103010645,20,57,40,158.0,6320.0
905,2021/02/01,2021020103008917,47,17,50,159.0,7950.0
907,2021/02/01,2021020103006219,56,5,30,159.0,4770.0
909,2021/02/01,2021020103005222,26,8,90,157.0,14130.0
911,2021/02/01,2021020103004492,25,38,20,158.0,3160.0
913,2021/02/01,2021020103002953,48,17,855,154.0,131670.0
915,2021/02/01,2021020103002949,51,17,230,155.0,35650.0
917,2021/02/01,2021020103002818,35,11,25,157.0,3925.0
919,2021/02/01,2021020103002478,19,6,100,158.0,15800.0
921,2021/02/01,2021020103002041,57,55,100,157.0,15700.0
923,2021/02/01,2021020103000894,40,55,30,155.0,4650.0
925,2021/01/31,2021013103025810,48,40,14,155.0,2170.0
927,2021/01/31,2021013103024710,45,35,20,156.0,3120.0
929,2021/01/31,2021013103023688,48,35,380,156.0,59280.0
931,2021/01/31,2021013103023179,45,51,83,157.0,13031.0
933,2021/01/31,2021013103022763,42,37,100,154.0,15400.0
935,2021/01/31,2021013103022423,14,55,190,156.0,29640.0
937,2021/01/31,2021013103022054,54,40,131,155.0,20305.0
939,2021/01/31,2021013103021517,33,57,91,155.0,14105.0
941,2021/01/31,2021013103020022,33,35,729,155.0,112995.0
943,2021/01/31,2021013103018875,57,57,434,155.0,67270.0
945,2021/01/31,2021013103018871,49,57,20,155.0,3100.0
947,2021/01/31,2021013103018867,52,57,50,156.0,7800.0
949,2021/01/31,2021013103018448,57,51,10,157.0,1570.0
951,2021/02/01,2021020103012952,43,26,490,159.0,77910.0
953,2021/02/01,2021020103010818,58,39,50,160.0,8000.0
955,2021/02/01,2021020103009316,58,39,200,160.0,32000.0
957,2021/02/01,2021020103008482,17,39,100,160.0,16000.0
959,2021/02/01,2021020103005803,17,39,90,159.0,14310.0
961,2021/02/01,2021020103005220,25,8,100,158.0,15800.0
963,2021/02/01,2021020103004293,35,38,30,158.0,4740.0
965,2021/02/01,2021020103002951,41,17,50,155.0,7750.0
967,2021/02/01,2021020103002947,35,17,125,157.0,19625.0
969,2021/02/01,2021020103002585,21,38,50,158.0,7900.0
971,2021/02/01,2021020103002339,41,41,100,157.0,15700.0
973,2021/02/01,2021020103001002,55,55,275,155.0,42625.0
975,2021/02/01,2021020103000372,1,55,50,155.0,7750.0
977,2021/01/31,2021013103025117,48,40,10,155.0,1550.0
979,2021/01/31,2021013103024645,56,35,60,156.0,9360.0
981,2021/01/31,2021013103023181,45,55,17,157.0,2669.0
983,2021/01/31,2021013103023001,20,40,379,155.0,58745.0
985,2021/01/31,2021013103022502,14,45,1000,155.0,155000.0
987,2021/01/31,2021013103022421,49,45,200,155.0,31000.0
989,2021/01/31,2021013103021875,56,40,90,155.0,13950.0
991,2021/01/31,2021013103020588,57,55,42,156.0,6552.0
993,2021/01/31,2021013103019529,57,55,1228,156.0,191568.0
995,2021/01/31,2021013103018873,33,57,50,155.0,7750.0
997,2021/01/31,2021013103018869,52,57,100,155.0,15500.0
999,2021/01/31,2021013103018865,52,57,31,156.0,4836.0
901,2021/01/31,2021013103018418,11,25,500,156.0,78000.0
903,2021/01/31,2021013103018002,57,51,360,157.0,56520.0
905,2021/01/31,2021013103016881,10,51,1000,157.0,157000.0
907,2021/01/31,2021013103016033,42,57,200,156.0,31200.0
909,2021/01/31,2021013103015977,40,57,110,156.0,17160.0
911,2021/01/31,2021013103015466,45,5,10,156.0,1560.0
913,2021/01/31,2021013103014687,4,51,100,157.0,15700.0
915,2021/01/31,2021013103014429,58,56,30,157.0,4710.0
917,2021/01/31,2021013103012875,41,41,500,158.0,79000.0
919,2021/01/31,2021013103012150,45,17,50,158.0,7900.0
921,2021/01/31,2021013103011108,56,38,10,158.0,1580.0
923,2021/01/31,2021013103007110,17,40,100,157.0,15700.0
925,2021/01/31,2021013103005037,45,13,31,163.0,5053.0
927,2021/01/31,2021013103003220,8,19,20,166.0,3320.0
929,2021/01/31,2021013103003035,21,13,50,168.0,8400.0
931,2021/01/31,2021013103002640,17,5,100,168.0,16800.0
933,2021/01/31,2021013103001900,33,4,150,162.0,24300.0
935,2021/01/31,2021013103001749,33,46,500,156.0,78000.0
937,2021/01/31,2021013103000540,6,50,36,161.0,5796.0
939,2021/01/31,2021013103000026,39,58,100,163.0,16300.0
941,2021/01/28,2021012803028139,28,56,500,162.0,81000.0
943,2021/01/28,2021012803027349,26,6,100,161.0,16100.0
945,2021/01/28,2021012803026884,58,1,160,161.0,25760.0
947,2021/01/28,2021012803025987,46,59,140,160.0,22400.0
949,2021/01/28,2021012803025803,47,38,60,161.0,9660.0
951,2021/01/31,2021013103018175,42,51,225,157.0,35325.0
953,2021/01/31,2021013103017138,57,51,217,157.0,34069.0
955,2021/01/31,2021013103016570,8,57,100,156.0,15600.0
957,2021/01/31,2021013103015979,34,57,200,156.0,31200.0
959,2021/01/31,2021013103015468,40,5,90,156.0,14040.0
961,2021/01/31,2021013103014689,47,51,1300,157.0,204100.0
963,2021/01/31,2021013103014685,43,51,430,157.0,67510.0
965,2021/01/31,2021013103013684,57,29,400,157.0,62800.0
967,2021/01/31,2021013103012458,6,41,77,158.0,12166.0
969,2021/01/31,2021013103012148,56,17,827,158.0,130666.0
971,2021/01/31,2021013103009683,56,50,163,158.0,25754.0
973,2021/01/31,2021013103006661,11,19,10,157.0,1570.0
975,2021/01/31,2021013103003689,8,26,430,166.0,71380.0
977,2021/01/31,2021013103003155,45,41,119,163.0,19397.0
979,2021/01/31,2021013103002956,21,26,50,165.0,8250.0
981,2021/01/31,2021013103001902,33,26,50,165.0,8250.0
983,2021/01/31,2021013103001751,33,34,1300,159.0,206700.0
985,2021/01/31,2021013103000591,45,58,335,160.0,53600.0
987,2021/01/31,2021013103000432,42,44,700,161.0,112700.0
989,2021/01/28,2021012803028316,36,38,10,161.0,1610.0
991,2021/01/28,2021012803027425,17,20,190,161.0,30590.0
993,2021/01/28,2021012803026991,38,40,50,164.0,8200.0
995,2021/01/28,2021012803026554,17,5,260,161.0,41860.0
997,2021/01/28,2021012803025897,52,58,50,160.0,8000.0
999,2021/01/28,2021012803025746,26,5,480,162.0,77760.0
1001,2021/01/31,2021013103018097,57,51,40,157.0,6280.0
1003,2021/01/31,2021013103017036,10,51,1000,157.0,157000.0
1005,2021/01/31,2021013103016338,34,1,50,155.0,7750.0
1007,2021/01/31,2021013103015978,21,57,50,156.0,7800.0
1009,2021/01/31,2021013103015467,43,5,100,156.0,15600.0
1011,2021/01/31,2021013103014688,46,51,100,157.0,15700.0
1013,2021/01/31,2021013103014430,43,56,70,157.0,10990.0
1015,2021/01/31,2021013103013553,57,35,100,157.0,15700.0
1017,2021/01/31,2021013103012151,6,17,23,158.0,3634.0
1019,2021/01/31,2021013103011778,25,40,20,160.0,3200.0
1021,2021/01/31,2021013103009448,49,40,10,160.0,1600.0
1023,2021/01/31,2021013103005915,11,55,10,160.0,1600.0
1025,2021/01/31,2021013103003418,42,5,100,167.0,16700.0
1027,2021/01/31,2021013103003058,19,48,50,165.0,8250.0
1029,2021/01/31,2021013103002885,58,13,30,168.0,5040.0
1031,2021/01/31,2021013103001901,33,58,1000,163.0,163000.0
1033,2021/01/31,2021013103001750,33,52,200,157.0,31400.0
1035,2021/01/31,2021013103000541,45,50,664,160.0,106240.0
1037,2021/01/31,2021013103000240,45,58,50,163.0,8150.0
1039,2021/01/28,2021012803028164,36,53,50,163.0,8150.0
1041,2021/01/28,2021012803027350,17,6,240,161.0,38640.0
1043,2021/01/28,2021012803026990,38,34,50,163.0,8150.0
1045,2021/01/28,2021012803026347,17,38,120,161.0,19320.0
1047,2021/01/28,2021012803025804,4,38,100,161.0,16100.0
1049,2021/01/28,2021012803025609,35,5,10,162.0,1620.0
1051,2021/01/31,2021013103018417,35,25,51,156.0,7956.0
1053,2021/01/31,2021013103017576,57,51,45,157.0,7065.0
1055,2021/01/31,2021013103016747,57,57,140,156.0,21840.0
1057,2021/01/31,2021013103015980,59,57,200,156.0,31200.0
1059,2021/01/31,2021013103015878,40,50,300,156.0,46800.0
1061,2021/01/31,2021013103014690,29,51,40,157.0,6280.0
1063,2021/01/31,2021013103014686,45,51,50,157.0,7850.0
1065,2021/01/31,2021013103013685,58,29,100,157.0,15700.0
1067,2021/01/31,2021013103012459,1,41,300,158.0,47400.0
1069,2021/01/31,2021013103012149,43,17,100,158.0,15800.0
1071,2021/01/31,2021013103010415,58,5,2000,159.0,318000.0
1073,2021/01/31,2021013103006662,45,19,490,157.0,76930.0
1075,2021/01/31,2021013103004772,14,41,50,165.0,8250.0
1077,2021/01/31,2021013103003183,8,48,50,165.0,8250.0
1079,2021/01/31,2021013103002957,19,26,950,165.0,156750.0
1081,2021/01/31,2021013103001903,33,56,96,166.0,15936.0
1083,2021/01/31,2021013103001899,33,34,204,159.0,32436.0
1085,2021/01/31,2021013103001339,45,58,10,157.0,1570.0
1087,2021/01/31,2021013103000539,42,50,300,161.0,48300.0
1089,2021/01/28,2021012803028596,36,53,50,163.0,8150.0
1091,2021/01/28,2021012803027426,36,20,10,161.0,1610.0
1093,2021/01/28,2021012803027348,58,6,160,161.0,25760.0
1095,2021/01/28,2021012803026596,17,1,340,161.0,54740.0
1097,2021/01/28,2021012803025986,52,59,250,160.0,40000.0
1099,2021/01/28,2021012803025747,26,38,20,162.0,3240.0
1001,2021/01/28,2021012803025351,35,5,310,162.0,50220.0
1003,2021/01/28,2021012803023792,49,5,46,163.0,7498.0
1005,2021/01/28,2021012803023571,49,5,800,161.0,128800.0
1007,2021/01/28,2021012803023551,57,5,344,160.0,55040.0
1009,2021/01/28,2021012803023262,54,5,200,160.0,32000.0
1011,2021/01/28,2021012803023258,34,5,64,160.0,10240.0
1013,2021/01/28,2021012803021254,46,49,150,161.0,24150.0
1015,2021/01/28,2021012803018415,41,40,200,163.0,32600.0
1017,2021/01/28,2021012803017128,38,50,1000,162.0,162000.0
1019,2021/01/28,2021012803016549,49,29,500,163.0,81500.0
1021,2021/01/28,2021012803013563,8,42,40,162.0,6480.0
1023,2021/01/28,2021012803012578,39,45,100,160.0,16000.0
1025,2021/01/28,2021012803012574,25,45,100,161.0,16100.0
1027,2021/01/28,2021012803012570,34,45,1033,161.0,166313.0
1029,2021/01/28,2021012803010385,34,14,1640,161.0,264040.0
1031,2021/01/28,2021012803009616,39,59,60,162.0,9720.0
1033,2021/01/28,2021012803008307,35,35,30,165.0,4950.0
1035,2021/01/28,2021012803007963,43,26,10,164.0,1640.0
1037,2021/01/28,2021012803007143,34,6,200,161.0,32200.0
1039,2021/01/28,2021012803006252,38,49,60,163.0,9780.0
1041,2021/01/28,2021012803005890,34,48,1400,161.0,225400.0
1043,2021/01/28,2021012803005140,56,49,50,163.0,8150.0
1045,2021/01/28,2021012803004909,43,42,464,159.0,73776.0
1047,2021/01/28,2021012803004682,10,28,47,160.0,7520.0
1049,2021/01/28,2021012803004429,45,52,100,159.0,15900.0
1051,2021/01/28,2021012803025350,35,52,390,162.0,63180.0
1053,2021/01/28,2021012803023746,49,20,400,163.0,65200.0
1055,2021/01/28,2021012803023554,48,5,200,160.0,32000.0
1057,2021/01/28,2021012803023545,49,5,200,161.0,32200.0
1059,2021/01/28,2021012803023261,6,5,100,160.0,16000.0
1061,2021/01/28,2021012803022233,39,1,215,161.0,34615.0
1063,2021/01/28,2021012803021253,43,49,955,161.0,153755.0
1065,2021/01/28,2021012803018205,29,40,300,163.0,48900.0
1067,2021/01/28,2021012803016552,49,40,809,164.0,132676.0
1069,2021/01/28,2021012803015984,43,28,245,161.0,39445.0
1071,2021/01/28,2021012803013541,8,39,60,162.0,9720.0
1073,2021/01/28,2021012803012577,47,45,500,161.0,80500.0
1075,2021/01/28,2021012803012573,25,45,500,161.0,80500.0
1077,2021/01/28,2021012803012165,34,49,500,161.0,80500.0
1079,2021/01/28,2021012803010384,39,14,100,162.0,16200.0
1081,2021/01/28,2021012803008952,39,36,500,162.0,81000.0
1083,2021/01/28,2021012803008306,35,38,100,165.0,16500.0
1085,2021/01/28,2021012803007951,22,19,30,165.0,4950.0
1087,2021/01/28,2021012803006931,52,56,100,163.0,16300.0
1089,2021/01/28,2021012803006237,34,48,102,161.0,16422.0
1091,2021/01/28,2021012803005881,36,49,20,163.0,3260.0
1093,2021/01/28,2021012803005139,34,49,400,163.0,65200.0
1095,2021/01/28,2021012803004694,43,52,366,159.0,58194.0
1097,2021/01/28,2021012803004681,10,33,569,160.0,91040.0
1099,2021/01/28,2021012803004428,11,52,500,159.0,79500.0
1101,2021/01/28,2021012803025501,35,5,50,162.0,8100.0
1103,2021/01/28,2021012803025104,38,52,110,162.0,17820.0
1105,2021/01/28,2021012803023596,49,40,50,163.0,8150.0
1107,2021/01/28,2021012803023553,26,5,500,160.0,80000.0
1109,2021/01/28,2021012803023544,49,47,1300,161.0,209300.0
1111,2021/01/28,2021012803023260,52,5,200,160.0,32000.0
1113,2021/01/28,2021012803021866,56,1,285,161.0,45885.0
1115,2021/01/28,2021012803020693,43,45,1500,161.0,241500.0
1117,2021/01/28,2021012803017895,29,58,300,163.0,48900.0
1119,2021/01/28,2021012803016551,49,42,106,164.0,17384.0
1121,2021/01/28,2021012803015983,43,28,100,161.0,16100.0
1123,2021/01/28,2021012803012580,34,45,136,160.0,21760.0
1125,2021/01/28,2021012803012576,58,45,20,161.0,3220.0
1127,2021/01/28,2021012803012572,59,45,1000,161.0,161000.0
1129,2021/01/28,2021012803012164,41,49,500,162.0,81000.0
1131,2021/01/28,2021012803010383,43,14,260,162.0,42120.0
1133,2021/01/28,2021012803008909,13,45,100,163.0,16300.0
1135,2021/01/28,2021012803008305,35,19,270,165.0,44550.0
1137,2021/01/28,2021012803007775,43,50,100,164.0,16400.0
1139,2021/01/28,2021012803006448,42,57,100,164.0,16400.0
1141,2021/01/28,2021012803006151,34,40,25,161.0,4025.0
1143,2021/01/28,2021012803005642,45,48,999,161.0,160839.0
1145,2021/01/28,2021012803005014,34,52,100,161.0,16100.0
1147,2021/01/28,2021012803004693,55,52,50,160.0,8000.0
1149,2021/01/28,2021012803004433,43,52,1000,159.0,159000.0
1151,2021/01/28,2021012803025448,35,5,150,162.0,24300.0
1153,2021/01/28,2021012803024502,45,5,500,161.0,80500.0
1155,2021/01/28,2021012803023572,49,5,200,162.0,32400.0
1157,2021/01/28,2021012803023552,51,5,100,160.0,16000.0
1159,2021/01/28,2021012803023263,57,5,156,160.0,24960.0
1161,2021/01/28,2021012803023259,49,5,300,160.0,48000.0
1163,2021/01/28,2021012803021865,56,49,15,161.0,2415.0
1165,2021/01/28,2021012803020625,43,45,300,161.0,48300.0
1167,2021/01/28,2021012803017894,29,58,200,163.0,32600.0
1169,2021/01/28,2021012803016550,49,55,85,163.0,13855.0
1171,2021/01/28,2021012803015335,22,42,60,162.0,9720.0
1173,2021/01/28,2021012803012579,57,45,650,160.0,104000.0
1175,2021/01/28,2021012803012575,25,45,900,161.0,144900.0
1177,2021/01/28,2021012803012571,48,45,200,161.0,32200.0
1179,2021/01/28,2021012803010998,41,28,500,162.0,81000.0
1181,2021/01/28,2021012803009617,43,59,40,162.0,6480.0
1183,2021/01/28,2021012803008508,16,35,20,165.0,3300.0
1185,2021/01/28,2021012803008053,43,52,90,164.0,14760.0
1187,2021/01/28,2021012803007178,34,21,100,161.0,16100.0
1189,2021/01/28,2021012803006253,38,45,100,163.0,16300.0
1191,2021/01/28,2021012803006150,49,40,1000,162.0,162000.0
1193,2021/01/28,2021012803005641,45,48,999,161.0,160839.0
1195,2021/01/28,2021012803004910,40,42,536,159.0,85224.0
1197,2021/01/28,2021012803004692,10,52,84,160.0,13440.0
1199,2021/01/28,2021012803004430,43,52,3170,159.0,504030.0
1101,2021/01/28,2021012803004425,56,52,1000,159.0,159000.0
1103,2021/01/28,2021012803004142,56,36,85,161.0,13685.0
1105,2021/01/28,2021012803003636,45,52,100,160.0,16000.0
1107,2021/01/28,2021012803003632,42,52,100,160.0,16000.0
1109,2021/01/28,2021012803003628,51,52,100,160.0,16000.0
1111,2021/01/28,2021012803003547,45,26,15,161.0,2415.0
1113,2021/01/28,2021012803003380,57,52,270,161.0,43470.0
1115,2021/01/28,2021012803003250,57,52,500,163.0,81500.0
1117,2021/01/28,2021012803002348,42,35,260,161.0,41860.0
1119,2021/01/28,2021012803002227,55,21,25,161.0,4025.0
1121,2021/01/28,2021012803002059,26,4,100,160.0,16000.0
1123,2021/01/28,2021012803001223,14,52,1000,162.0,162000.0
1125,2021/01/28,2021012803001180,52,52,50,163.0,8150.0
1127,2021/01/28,2021012803001028,16,25,300,164.0,49200.0
1129,2021/01/28,2021012803000413,54,52,1000,166.0,166000.0
1131,2021/01/28,2021012803000037,43,47,20,165.0,3300.0
1133,2021/01/27,2021012703022636,55,58,1000,167.0,167000.0
1135,2021/01/27,2021012703022140,45,42,194,167.0,32398.0
1137,2021/01/27,2021012703021902,36,10,106,167.0,17702.0
1139,2021/01/27,2021012703020755,36,52,500,167.0,83500.0
1141,2021/01/27,2021012703020366,25,3,1000,167.0,167000.0
1143,2021/01/27,2021012703019870,55,22,500,167.0,83500.0
1145,2021/01/27,2021012703019043,26,40,865,168.0,145320.0
1147,2021/01/27,2021012703017983,39,50,35,170.0,5950.0
1149,2021/01/27,2021012703017677,43,45,20,170.0,3400.0
1151,2021/01/28,2021012803004426,29,52,30,159.0,4770.0
1153,2021/01/28,2021012803004143,46,36,15,161.0,2415.0
1155,2021/01/28,2021012803003654,56,26,250,161.0,40250.0
1157,2021/01/28,2021012803003633,49,52,50,160.0,8000.0
1159,2021/01/28,2021012803003629,26,52,300,160.0,48000.0
1161,2021/01/28,2021012803003625,44,52,500,160.0,80000.0
1163,2021/01/28,2021012803003424,55,39,50,163.0,8150.0
1165,2021/01/28,2021012803003377,42,52,859,161.0,138299.0
1167,2021/01/28,2021012803002725,21,53,19,163.0,3097.0
1169,2021/01/28,2021012803002228,55,52,75,164.0,12300.0
1171,2021/01/28,2021012803002060,44,4,100,160.0,16000.0
1173,2021/01/28,2021012803001224,29,52,10,162.0,1620.0
1175,2021/01/28,2021012803001220,29,52,70,162.0,11340.0
1177,2021/01/28,2021012803001029,47,25,300,163.0,48900.0
1179,2021/01/28,2021012803000414,57,52,130,166.0,21580.0
1181,2021/01/28,2021012803000096,43,47,90,166.0,14940.0
1183,2021/01/27,2021012703022637,38,58,1000,167.0,167000.0
1185,2021/01/27,2021012703022224,49,40,20,168.0,3360.0
1187,2021/01/27,2021012703021903,52,10,100,167.0,16700.0
1189,2021/01/27,2021012703021149,49,40,10,168.0,1680.0
1191,2021/01/27,2021012703020367,36,3,240,167.0,40080.0
1193,2021/01/27,2021012703020055,58,40,10,168.0,1680.0
1195,2021/01/27,2021012703019044,41,40,10,168.0,1680.0
1197,2021/01/27,2021012703018007,51,26,50,169.0,8450.0
1199,2021/01/27,2021012703017678,43,1,200,170.0,34000.0
1201,2021/01/28,2021012803004391,52,33,250,160.0,40000.0
1203,2021/01/28,2021012803003804,56,52,145,161.0,23345.0
1205,2021/01/28,2021012803003635,34,52,1000,160.0,160000.0
1207,2021/01/28,2021012803003631,47,52,400,160.0,64000.0
1209,2021/01/28,2021012803003627,48,52,500,160.0,80000.0
1211,2021/01/28,2021012803003494,57,26,230,161.0,37030.0
1213,2021/01/28,2021012803003379,21,52,30,161.0,4830.0
1215,2021/01/28,2021012803003147,42,53,81,161.0,13041.0
1217,2021/01/28,2021012803002347,53,35,40,161.0,6440.0
1219,2021/01/28,2021012803002204,4,21,15,161.0,2415.0
1221,2021/01/28,2021012803001885,3,21,20,161.0,3220.0
1223,2021/01/28,2021012803001222,34,52,300,162.0,48600.0
1225,2021/01/28,2021012803001179,39,52,200,163.0,32600.0
1227,2021/01/28,2021012803001027,11,25,100,164.0,16400.0
1229,2021/01/28,2021012803000412,43,52,220,166.0,36520.0
1231,2021/01/28,2021012803000015,58,47,20,167.0,3340.0
1233,2021/01/27,2021012703022635,43,58,300,167.0,50100.0
1235,2021/01/27,2021012703022139,47,42,106,167.0,17702.0
1237,2021/01/27,2021012703021573,41,40,50,168.0,8400.0
1239,2021/01/27,2021012703020652,36,33,154,167.0,25718.0
1241,2021/01/27,2021012703020365,55,3,260,167.0,43420.0
1243,2021/01/27,2021012703019046,19,40,100,168.0,16800.0
1245,2021/01/27,2021012703018009,26,26,135,168.0,22680.0
1247,2021/01/27,2021012703017680,43,50,465,170.0,79050.0
1249,2021/01/27,2021012703017676,43,59,100,170.0,17000.0
1251,2021/01/28,2021012803004427,17,52,200,159.0,31800.0
1253,2021/01/28,2021012803004183,46,52,485,161.0,78085.0
1255,2021/01/28,2021012803003713,56,16,520,161.0,83720.0
1257,2021/01/28,2021012803003634,34,52,100,160.0,16000.0
1259,2021/01/28,2021012803003630,11,52,1000,160.0,160000.0
1261,2021/01/28,2021012803003626,45,52,50,160.0,8000.0
1263,2021/01/28,2021012803003425,55,52,100,164.0,16400.0
1265,2021/01/28,2021012803003378,42,52,100,161.0,16100.0
1267,2021/01/28,2021012803002804,51,52,1370,162.0,221940.0
1269,2021/01/28,2021012803002346,32,35,200,162.0,32400.0
1271,2021/01/28,2021012803002118,45,21,40,161.0,6440.0
1273,2021/01/28,2021012803001225,37,52,2500,162.0,405000.0
1275,2021/01/28,2021012803001221,44,52,100,162.0,16200.0
1277,2021/01/28,2021012803001030,39,25,300,163.0,48900.0
1279,2021/01/28,2021012803000474,58,16,250,165.0,41250.0
1281,2021/01/28,2021012803000160,34,3,500,167.0,83500.0
1283,2021/01/27,2021012703022638,44,58,119,167.0,19873.0
1285,2021/01/27,2021012703022634,45,58,206,167.0,34402.0
1287,2021/01/27,2021012703021904,47,10,394,167.0,65798.0
1289,2021/01/27,2021012703021526,49,40,200,168.0,33600.0
1291,2021/01/27,2021012703020650,22,40,200,168.0,33600.0
1293,2021/01/27,2021012703020256,55,39,500,167.0,83500.0
1295,2021/01/27,2021012703019045,26,40,300,168.0,50400.0
1297,2021/01/27,2021012703018008,26,26,15,168.0,2520.0
1299,2021/01/27,2021012703017679,43,7,125,170.0,21250.0
1201,2021/01/27,2021012703017673,26,45,300,168.0,50400.0
1203,2021/01/27,2021012703017208,51,49,300,168.0,50400.0
1205,2021/01/27,2021012703015989,51,22,100,168.0,16800.0
1207,2021/01/27,2021012703015292,21,49,10,170.0,1700.0
1209,2021/01/27,2021012703014595,52,45,284,169.0,47996.0
1211,2021/01/27,2021012703012198,52,36,200,169.0,33800.0
1213,2021/01/27,2021012703008909,55,11,100,167.0,16700.0
1215,2021/01/27,2021012703008268,43,22,100,167.0,16700.0
1217,2021/01/27,2021012703008264,46,22,500,168.0,84000.0
1219,2021/01/27,2021012703007949,55,14,287,168.0,48216.0
1221,2021/01/27,2021012703007945,42,14,100,169.0,16900.0
1223,2021/01/27,2021012703007835,14,49,68,170.0,11560.0
1225,2021/01/27,2021012703006895,36,17,1000,171.0,171000.0
1227,2021/01/27,2021012703006080,25,5,350,171.0,59850.0
1229,2021/01/27,2021012703005645,40,45,10,173.0,1730.0
1231,2021/01/27,2021012703003698,51,53,100,171.0,17100.0
1233,2021/01/27,2021012703003484,48,46,200,168.0,33600.0
1235,2021/01/27,2021012703001821,26,4,100,170.0,17000.0
1237,2021/01/26,2021012603023239,38,40,100,167.0,16700.0
1239,2021/01/26,2021012603023235,29,40,300,167.0,50100.0
1241,2021/01/26,2021012603022848,57,50,100,169.0,16900.0
1243,2021/01/26,2021012603019559,49,44,10,171.0,1710.0
1245,2021/01/26,2021012603018035,41,58,20,169.0,3380.0
1247,2021/01/26,2021012603017396,45,38,85,167.0,14195.0
1249,2021/01/26,2021012603017375,58,38,10,167.0,1670.0
1251,2021/01/27,2021012703017211,26,49,685,168.0,115080.0
1253,2021/01/27,2021012703017207,51,49,990,168.0,166320.0
1255,2021/01/27,2021012703015613,51,59,300,168.0,50400.0
1257,2021/01/27,2021012703015178,54,49,250,170.0,42500.0
1259,2021/01/27,2021012703012565,52,16,60,169.0,10140.0
1261,2021/01/27,2021012703011137,26,38,40,168.0,6720.0
1263,2021/01/27,2021012703008618,55,42,10,167.0,1670.0
1265,2021/01/27,2021012703008267,6,22,100,167.0,16700.0
1267,2021/01/27,2021012703008263,21,22,30,168.0,5040.0
1269,2021/01/27,2021012703007948,48,14,645,168.0,108360.0
1271,2021/01/27,2021012703007882,16,14,500,170.0,85000.0
1273,2021/01/27,2021012703007284,14,3,600,170.0,102000.0
1275,2021/01/27,2021012703006777,5,42,90,171.0,15390.0
1277,2021/01/27,2021012703006079,50,5,400,171.0,68400.0
1279,2021/01/27,2021012703005442,29,1,150,171.0,25650.0
1281,2021/01/27,2021012703003583,51,36,100,170.0,17000.0
1283,2021/01/27,2021012703002909,48,28,55,168.0,9240.0
1285,2021/01/27,2021012703001745,11,4,50,170.0,8500.0
1287,2021/01/26,2021012603023238,47,40,300,167.0,50100.0
1289,2021/01/26,2021012603023234,45,40,1915,167.0,319805.0
1291,2021/01/26,2021012603021146,42,44,10,170.0,1700.0
1293,2021/01/26,2021012603018536,28,44,400,171.0,68400.0
1295,2021/01/26,2021012603018034,41,59,220,169.0,37180.0
1297,2021/01/26,2021012603017395,49,38,760,167.0,126920.0
1299,2021/01/26,2021012603017374,39,38,200,167.0,33400.0
1301,2021/01/27,2021012703017674,43,22,50,169.0,8450.0
1303,2021/01/27,2021012703017209,26,49,100,168.0,16800.0
1305,2021/01/27,2021012703017168,51,16,300,168.0,50400.0
1307,2021/01/27,2021012703015364,52,40,426,169.0,71994.0
1309,2021/01/27,2021012703014856,21,49,10,170.0,1700.0
1311,2021/01/27,2021012703012511,10,46,310,170.0,52700.0
1313,2021/01/27,2021012703008987,55,11,100,167.0,16700.0
1315,2021/01/27,2021012703008269,52,22,300,167.0,50100.0
1317,2021/01/27,2021012703008265,29,22,40,167.0,6680.0
1319,2021/01/27,2021012703008261,49,22,500,168.0,84000.0
1321,2021/01/27,2021012703007946,21,14,200,169.0,33800.0
1323,2021/01/27,2021012703007836,52,49,832,170.0,141440.0
1325,2021/01/27,2021012703007077,25,46,300,171.0,51300.0
1327,2021/01/27,2021012703006109,25,36,10,171.0,1710.0
1329,2021/01/27,2021012703005848,29,33,100,171.0,17100.0
1331,2021/01/27,2021012703004643,14,59,232,170.0,39440.0
1333,2021/01/27,2021012703003508,48,56,100,168.0,16800.0
1335,2021/01/27,2021012703001879,50,4,75,170.0,12750.0
1337,2021/01/26,2021012603023240,34,40,1134,167.0,189378.0
1339,2021/01/26,2021012603023236,22,40,200,167.0,33400.0
1341,2021/01/26,2021012603022849,29,50,15,169.0,2535.0
1343,2021/01/26,2021012603020167,19,44,30,170.0,5100.0
1345,2021/01/26,2021012603018111,41,21,310,169.0,52390.0
1347,2021/01/26,2021012603017920,41,44,2500,169.0,422500.0
1349,2021/01/26,2021012603017376,1,38,50,167.0,8350.0
1351,2021/01/27,2021012703017675,43,49,40,170.0,6800.0
1353,2021/01/27,2021012703017210,26,49,25,168.0,4200.0
1355,2021/01/27,2021012703017182,51,55,110,168.0,18480.0
1357,2021/01/27,2021012703015612,52,59,100,168.0,16800.0
1359,2021/01/27,2021012703015154,52,56,30,169.0,5070.0
1361,2021/01/27,2021012703012512,10,49,190,170.0,32300.0
1363,2021/01/27,2021012703010233,45,46,15,170.0,2550.0
1365,2021/01/27,2021012703008270,55,22,30,167.0,5010.0
1367,2021/01/27,2021012703008266,43,22,200,167.0,33400.0
1369,2021/01/27,2021012703008262,41,22,200,168.0,33600.0
1371,2021/01/27,2021012703007947,21,14,100,169.0,16900.0
1373,2021/01/27,2021012703007881,52,14,168,170.0,28560.0
1375,2021/01/27,2021012703007114,14,59,100,170.0,17000.0
1377,2021/01/27,2021012703006566,25,42,240,171.0,41040.0
1379,2021/01/27,2021012703006078,29,5,250,171.0,42750.0
1381,2021/01/27,2021012703005048,5,35,20,171.0,3420.0
1383,2021/01/27,2021012703003582,51,56,100,170.0,17000.0
1385,2021/01/27,2021012703002877,10,28,600,168.0,100800.0
1387,2021/01/26,2021012603024039,52,44,50,170.0,8500.0
1389,2021/01/26,2021012603023237,36,40,100,167.0,16700.0
1391,2021/01/26,2021012603023233,25,40,40,168.0,6720.0
1393,2021/01/26,2021012603021142,33,44,2000,170.0,340000.0
1395,2021/01/26,2021012603018189,41,21,30,170.0,5100.0
1397,2021/01/26,2021012603018033,41,44,913,169.0,154297.0
1399,2021/01/26,2021012603017377,49,38,740,167.0,123580.0
1301,2021/01/26,2021012603017329,34,47,713,168.0,119784.0
1303,2021/01/26,2021012603017117,52,17,58,168.0,9744.0
1305,2021/01/26,2021012603016901,42,44,15,169.0,2535.0
1307,2021/01/26,2021012603016692,33,41,500,168.0,84000.0
1309,2021/01/26,2021012603016465,58,44,778,169.0,131482.0
1311,2021/01/26,2021012603016025,42,28,100,168.0,16800.0
1313,2021/01/26,2021012603015870,45,44,1000,169.0,169000.0
1315,2021/01/26,2021012603015866,34,44,480,170.0,81600.0
1317,2021/01/26,2021012603015563,54,6,30,169.0,5070.0
1319,2021/01/26,2021012603014771,57,51,300,170.0,51000.0
1321,2021/01/26,2021012603014594,29,44,100,171.0,17100.0
1323,2021/01/26,2021012603013768,34,44,4285,170.0,728450.0
1325,2021/01/26,2021012603012139,34,4,225,170.0,38250.0
1327,2021/01/26,2021012603011909,49,39,10,170.0,1700.0
1329,2021/01/26,2021012603011197,57,44,100,171.0,17100.0
1331,2021/01/26,2021012603010862,10,44,391,170.0,66470.0
1333,2021/01/26,2021012603010356,17,55,1209,170.0,205530.0
1335,2021/01/26,2021012603009509,25,21,54,170.0,9180.0
1337,2021/01/26,2021012603008802,25,17,1000,171.0,171000.0
1339,2021/01/26,2021012603007306,22,5,300,173.0,51900.0
1341,2021/01/26,2021012603006881,26,32,627,174.0,109098.0
1343,2021/01/26,2021012603006497,35,59,50,175.0,8750.0
1345,2021/01/26,2021012603005893,14,32,100,176.0,17600.0
1347,2021/01/26,2021012603005379,53,44,200,179.0,35800.0
1349,2021/01/26,2021012603004858,53,59,40,181.0,7240.0
1351,2021/01/26,2021012603017206,34,22,300,168.0,50400.0
1353,2021/01/26,2021012603017116,43,17,100,168.0,16800.0
1355,2021/01/26,2021012603016695,52,41,50,168.0,8400.0
1357,2021/01/26,2021012603016691,8,41,300,168.0,50400.0
1359,2021/01/26,2021012603016464,17,44,222,169.0,37518.0
1361,2021/01/26,2021012603015976,44,44,100,169.0,16900.0
1363,2021/01/26,2021012603015869,17,44,1000,169.0,169000.0
1365,2021/01/26,2021012603015786,34,11,500,170.0,85000.0
1367,2021/01/26,2021012603015350,44,58,60,170.0,10200.0
1369,2021/01/26,2021012603014764,45,51,40,170.0,6800.0
1371,2021/01/26,2021012603014024,26,42,963,172.0,165636.0
1373,2021/01/26,2021012603012554,45,41,163,172.0,28036.0
1375,2021/01/26,2021012603012098,5,44,850,171.0,145350.0
1377,2021/01/26,2021012603011684,20,44,150,171.0,25650.0
1379,2021/01/26,2021012603011158,42,44,10,171.0,1710.0
1381,2021/01/26,2021012603010558,42,5,13,172.0,2236.0
1383,2021/01/26,2021012603010355,17,55,291,170.0,49470.0
1385,2021/01/26,2021012603009054,38,38,50,170.0,8500.0
1387,2021/01/26,2021012603008725,52,40,50,173.0,8650.0
1389,2021/01/26,2021012603007305,26,5,147,174.0,25578.0
1391,2021/01/26,2021012603006748,26,34,373,174.0,64902.0
1393,2021/01/26,2021012603006359,35,49,100,175.0,17500.0
1395,2021/01/26,2021012603005892,42,32,50,176.0,8800.0
1397,2021/01/26,2021012603005294,53,43,250,179.0,44750.0
1399,2021/01/26,2021012603004773,57,59,450,181.0,81450.0
1401,2021/01/26,2021012603017364,34,38,755,168.0,126840.0
1403,2021/01/26,2021012603017118,34,17,232,168.0,38976.0
1405,2021/01/26,2021012603016973,58,44,200,169.0,33800.0
1407,2021/01/26,2021012603016693,52,41,50,168.0,8400.0
1409,2021/01/26,2021012603016517,57,44,50,169.0,8450.0
1411,2021/01/26,2021012603016250,17,44,653,169.0,110357.0
1413,2021/01/26,2021012603015871,25,44,1000,169.0,169000.0
1415,2021/01/26,2021012603015867,52,44,530,169.0,89570.0
1417,2021/01/26,2021012603015564,52,6,70,169.0,11830.0
1419,2021/01/26,2021012603015180,5,51,175,170.0,29750.0
1421,2021/01/26,2021012603014637,55,51,285,170.0,48450.0
1423,2021/01/26,2021012603013769,55,44,715,170.0,121550.0
1425,2021/01/26,2021012603012355,50,5,150,172.0,25800.0
1427,2021/01/26,2021012603011910,34,39,490,170.0,83300.0
1429,2021/01/26,2021012603011355,34,44,1890,171.0,323190.0
1431,2021/01/26,2021012603010863,34,44,4609,170.0,783530.0
1433,2021/01/26,2021012603010490,17,41,991,170.0,168470.0
1435,2021/01/26,2021012603009796,25,33,446,170.0,75820.0
1437,2021/01/26,2021012603008803,50,17,100,171.0,17100.0
1439,2021/01/26,2021012603007307,53,5,100,173.0,17300.0
1441,2021/01/26,2021012603006882,26,32,53,174.0,9222.0
1443,2021/01/26,2021012603006746,49,32,50,176.0,8800.0
1445,2021/01/26,2021012603006263,34,58,100,175.0,17500.0
1447,2021/01/26,2021012603005890,3,32,20,177.0,3540.0
1449,2021/01/26,2021012603005229,40,13,500,178.0,89000.0
1451,2021/01/26,2021012603017365,38,38,400,168.0,67200.0
1453,2021/01/26,2021012603017160,34,57,1000,168.0,168000.0
1455,2021/01/26,2021012603016994,44,44,100,169.0,16900.0
1457,2021/01/26,2021012603016694,51,41,100,168.0,16800.0
1459,2021/01/26,2021012603016638,58,44,222,169.0,37518.0
1461,2021/01/26,2021012603016251,17,42,125,169.0,21125.0
1463,2021/01/26,2021012603015872,41,44,37,169.0,6253.0
1465,2021/01/26,2021012603015868,53,44,200,169.0,33800.0
1467,2021/01/26,2021012603015729,34,58,20,170.0,3400.0
1469,2021/01/26,2021012603015308,38,44,100,171.0,17100.0
1471,2021/01/26,2021012603014742,54,58,70,169.0,11830.0
1473,2021/01/26,2021012603014023,26,41,37,172.0,6364.0
1475,2021/01/26,2021012603012553,45,5,337,172.0,57964.0
1477,2021/01/26,2021012603012051,5,44,1000,171.0,171000.0
1479,2021/01/26,2021012603011663,20,40,150,171.0,25650.0
1481,2021/01/26,2021012603011023,34,49,20,170.0,3400.0
1483,2021/01/26,2021012603010491,10,41,509,170.0,86530.0
1485,2021/01/26,2021012603010303,17,55,1909,170.0,324530.0
1487,2021/01/26,2021012603009053,49,38,50,170.0,8500.0
1489,2021/01/26,2021012603007670,50,41,500,173.0,86500.0
1491,2021/01/26,2021012603006883,26,44,300,174.0,52200.0
1493,2021/01/26,2021012603006747,35,34,127,175.0,22225.0
1495,2021/01/26,2021012603006354,35,58,123,175.0,21525.0
1497,2021/01/26,2021012603005891,45,32,100,176.0,17600.0
1499,2021/01/26,2021012603005255,53,43,50,179.0,8950.0
1401,2021/01/26,2021012603004601,52,59,10,181.0,1810.0
1403,2021/01/26,2021012603003927,52,58,500,175.0,87500.0
1405,2021/01/26,2021012603001948,34,38,100,172.0,17200.0
1407,2021/01/26,2021012603001793,34,16,50,171.0,8550.0
1409,2021/01/26,2021012603001380,34,53,250,172.0,43000.0
1411,2021/01/25,2021012503027680,58,38,25,173.0,4325.0
1413,2021/01/25,2021012503027608,45,58,40,171.0,6840.0
1415,2021/01/25,2021012503026910,34,45,140,172.0,24080.0
1417,2021/01/25,2021012503025871,50,28,100,170.0,17000.0
1419,2021/01/25,2021012503025311,37,59,110,170.0,18700.0
1421,2021/01/25,2021012503025307,49,59,550,170.0,93500.0
1423,2021/01/25,2021012503024476,40,43,500,174.0,87000.0
1425,2021/01/25,2021012503023641,17,32,50,176.0,8800.0
1427,2021/01/25,2021012503023183,57,38,150,173.0,25950.0
1429,2021/01/25,2021012503022992,34,25,100,176.0,17600.0
1431,2021/01/25,2021012503022936,34,32,80,174.0,13920.0
1433,2021/01/25,2021012503022906,57,48,190,173.0,32870.0
1435,2021/01/25,2021012503022142,50,17,300,170.0,51000.0
1437,2021/01/25,2021012503022138,44,17,180,170.0,30600.0
1439,2021/01/25,2021012503020903,26,49,50,170.0,8500.0
1441,2021/01/25,2021012503020820,32,49,100,171.0,17100.0
1443,2021/01/25,2021012503020723,17,3,710,174.0,123540.0
1445,2021/01/25,2021012503020712,53,59,300,172.0,51600.0
1447,2021/01/25,2021012503019866,21,56,80,175.0,14000.0
1449,2021/01/25,2021012503019426,45,28,100,175.0,17500.0
1451,2021/01/26,2021012603004533,44,11,10,181.0,1810.0
1453,2021/01/26,2021012603003926,52,22,100,175.0,17500.0
1455,2021/01/26,2021012603001947,34,40,100,172.0,17200.0
1457,2021/01/26,2021012603001792,34,34,63,171.0,10773.0
1459,2021/01/26,2021012603001379,34,32,1000,170.0,170000.0
1461,2021/01/25,2021012503027611,45,58,685,170.0,116450.0
1463,2021/01/25,2021012503027366,34,38,190,173.0,32870.0
1465,2021/01/25,2021012503026769,52,38,10,173.0,1730.0
1467,2021/01/25,2021012503025572,47,11,500,172.0,86000.0
1469,2021/01/25,2021012503025310,45,59,100,170.0,17000.0
1471,2021/01/25,2021012503025093,6,43,100,172.0,17200.0
1473,2021/01/25,2021012503024435,57,43,620,176.0,109120.0
1475,2021/01/25,2021012503023640,17,46,470,176.0,82720.0
1477,2021/01/25,2021012503023001,46,21,98,176.0,17248.0
1479,2021/01/25,2021012503022939,34,53,1500,175.0,262500.0
1481,2021/01/25,2021012503022935,34,3,290,174.0,50460.0
1483,2021/01/25,2021012503022160,52,48,10,173.0,1730.0
1485,2021/01/25,2021012503022141,16,17,200,170.0,34000.0
1487,2021/01/25,2021012503022137,40,17,330,170.0,56100.0
1489,2021/01/25,2021012503020902,4,49,1000,170.0,170000.0
1491,2021/01/25,2021012503020819,4,49,20,171.0,3420.0
1493,2021/01/25,2021012503020722,17,59,290,172.0,49880.0
1495,2021/01/25,2021012503020711,45,59,990,172.0,170280.0
1497,2021/01/25,2021012503019653,35,56,100,175.0,17500.0
1499,2021/01/25,2021012503019425,45,7,105,175.0,18375.0
1501,2021/01/26,2021012603004420,44,32,30,178.0,5340.0
1503,2021/01/26,2021012603003925,52,41,100,174.0,17400.0
1505,2021/01/26,2021012603001946,34,41,50,172.0,8600.0
1507,2021/01/26,2021012603001382,34,45,700,172.0,120400.0
1509,2021/01/26,2021012603000040,56,14,100,169.0,16900.0
1511,2021/01/25,2021012503027610,49,58,200,170.0,34000.0
1513,2021/01/25,2021012503027197,52,38,10,173.0,1730.0
1515,2021/01/25,2021012503025873,36,28,100,169.0,16900.0
1517,2021/01/25,2021012503025517,19,43,200,170.0,34000.0
1519,2021/01/25,2021012503025309,41,59,140,170.0,23800.0
1521,2021/01/25,2021012503025092,17,43,1000,172.0,172000.0
1523,2021/01/25,2021012503024000,57,37,380,176.0,66880.0
1525,2021/01/25,2021012503023319,21,46,15,176.0,2640.0
1527,2021/01/25,2021012503022994,34,21,402,176.0,70752.0
1529,2021/01/25,2021012503022938,34,45,190,175.0,33250.0
1531,2021/01/25,2021012503022908,57,51,200,173.0,34600.0
1533,2021/01/25,2021012503022144,49,17,450,170.0,76500.0
1535,2021/01/25,2021012503022140,46,17,200,170.0,34000.0
1537,2021/01/25,2021012503022136,4,17,200,171.0,34200.0
1539,2021/01/25,2021012503020822,58,49,500,171.0,85500.0
1541,2021/01/25,2021012503020818,51,49,2200,171.0,376200.0
1543,2021/01/25,2021012503020714,57,59,20,172.0,3440.0
1545,2021/01/25,2021012503020710,38,59,100,173.0,17300.0
1547,2021/01/25,2021012503019543,45,56,225,175.0,39375.0
1549,2021/01/25,2021012503019424,45,50,550,175.0,96250.0
1551,2021/01/26,2021012603003928,52,58,500,175.0,87500.0
1553,2021/01/26,2021012603003924,52,57,190,173.0,32870.0
1555,2021/01/26,2021012603001945,34,58,400,172.0,68800.0
1557,2021/01/26,2021012603001381,34,58,50,172.0,8600.0
1559,2021/01/25,2021012503027685,52,38,10,173.0,1730.0
1561,2021/01/25,2021012503027609,45,58,100,171.0,17100.0
1563,2021/01/25,2021012503026911,34,22,50,172.0,8600.0
1565,2021/01/25,2021012503025872,42,28,50,169.0,8450.0
1567,2021/01/25,2021012503025323,37,43,390,170.0,66300.0
1569,2021/01/25,2021012503025308,48,59,500,170.0,85000.0
1571,2021/01/25,2021012503024681,57,38,235,173.0,40655.0
1573,2021/01/25,2021012503023642,17,42,200,176.0,35200.0
1575,2021/01/25,2021012503023287,57,46,15,176.0,2640.0
1577,2021/01/25,2021012503022993,34,53,40,176.0,7040.0
1579,2021/01/25,2021012503022937,34,56,398,175.0,69650.0
1581,2021/01/25,2021012503022907,57,51,225,173.0,38925.0
1583,2021/01/25,2021012503022143,46,17,20,170.0,3400.0
1585,2021/01/25,2021012503022139,58,17,10,170.0,1700.0
1587,2021/01/25,2021012503020904,40,49,370,170.0,62900.0
1589,2021/01/25,2021012503020821,52,49,750,171.0,128250.0
1591,2021/01/25,2021012503020817,25,49,10,171.0,1710.0
1593,2021/01/25,2021012503020713,11,59,800,172.0,137600.0
1595,2021/01/25,2021012503020133,21,56,10,175.0,1750.0
1597,2021/01/25,2021012503019427,45,52,200,175.0,35000.0
1599,2021/01/25,2021012503019423,45,14,400,175.0,70000.0
1501,2021/01/25,2021012503019422,45,39,2036,175.0,356300.0
1503,2021/01/25,2021012503019418,45,21,30,175.0,5250.0
1505,2021/01/25,2021012503019051,21,32,47,175.0,8225.0
1507,2021/01/25,2021012503018936,44,7,20,174.0,3480.0
1509,2021/01/25,2021012503018779,11,51,175,173.0,30275.0
1511,2021/01/25,2021012503018586,20,17,200,172.0,34400.0
1513,2021/01/25,2021012503018371,1,6,10,172.0,1720.0
1515,2021/01/25,2021012503017143,39,6,100,172.0,17200.0
1517,2021/01/25,2021012503016971,51,51,20,171.0,3420.0
1519,2021/01/25,2021012503016248,20,13,300,170.0,51000.0
1521,2021/01/25,2021012503016181,52,34,100,169.0,16900.0
1523,2021/01/25,2021012503015837,52,45,200,170.0,34000.0
1525,2021/01/25,2021012503015163,29,18,110,171.0,18810.0
1527,2021/01/25,2021012503014682,34,56,4679,169.0,790751.0
1529,2021/01/25,2021012503012808,39,52,139,169.0,23491.0
1531,2021/01/25,2021012503012655,51,52,50,170.0,8500.0
1533,2021/01/25,2021012503012651,35,52,1000,170.0,170000.0
1535,2021/01/25,2021012503012647,48,52,400,170.0,68000.0
1537,2021/01/25,2021012503012643,35,52,600,170.0,102000.0
1539,2021/01/25,2021012503012639,47,52,1300,171.0,222300.0
1541,2021/01/25,2021012503012012,34,58,4616,172.0,793952.0
1543,2021/01/25,2021012503011160,52,13,645,172.0,110940.0
1545,2021/01/25,2021012503011156,52,13,105,172.0,18060.0
1547,2021/01/25,2021012503010485,48,37,10,174.0,1740.0
1549,2021/01/25,2021012503010212,42,37,200,174.0,34800.0
1551,2021/01/25,2021012503019421,45,52,20,175.0,3500.0
1553,2021/01/25,2021012503019417,45,45,250,175.0,43750.0
1555,2021/01/25,2021012503019050,21,47,53,174.0,9222.0
1557,2021/01/25,2021012503018935,44,51,100,174.0,17400.0
1559,2021/01/25,2021012503018778,11,59,25,173.0,4325.0
1561,2021/01/25,2021012503018585,34,17,300,172.0,51600.0
1563,2021/01/25,2021012503018257,36,59,1000,173.0,173000.0
1565,2021/01/25,2021012503017142,39,17,250,172.0,43000.0
1567,2021/01/25,2021012503016830,52,51,200,171.0,34200.0
1569,2021/01/25,2021012503016184,59,34,29,169.0,4901.0
1571,2021/01/25,2021012503016180,34,34,321,169.0,54249.0
1573,2021/01/25,2021012503015729,52,52,10,172.0,1720.0
1575,2021/01/25,2021012503015098,29,34,500,171.0,85500.0
1577,2021/01/25,2021012503014681,20,56,300,169.0,50700.0
1579,2021/01/25,2021012503012807,51,52,200,169.0,33800.0
1581,2021/01/25,2021012503012654,45,52,50,170.0,8500.0
1583,2021/01/25,2021012503012650,5,52,200,170.0,34000.0
1585,2021/01/25,2021012503012646,52,52,200,170.0,34000.0
1587,2021/01/25,2021012503012642,26,52,70,170.0,11900.0
1589,2021/01/25,2021012503012638,39,52,330,171.0,56430.0
1591,2021/01/25,2021012503012011,52,58,355,172.0,61060.0
1593,2021/01/25,2021012503011159,58,13,100,172.0,17200.0
1595,2021/01/25,2021012503011110,34,37,290,174.0,50460.0
1597,2021/01/25,2021012503010286,52,40,895,172.0,153940.0
1599,2021/01/25,2021012503010096,52,34,10,175.0,1750.0
1601,2021/01/25,2021012503019419,45,29,400,175.0,70000.0
1603,2021/01/25,2021012503019415,45,51,300,174.0,52200.0
1605,2021/01/25,2021012503018937,44,47,447,174.0,77778.0
1607,2021/01/25,2021012503018933,44,42,33,174.0,5742.0
1609,2021/01/25,2021012503018587,45,17,10,172.0,1720.0
1611,2021/01/25,2021012503018518,40,59,100,173.0,17300.0
1613,2021/01/25,2021012503017145,52,42,10,174.0,1740.0
1615,2021/01/25,2021012503017113,51,34,500,171.0,85500.0
1617,2021/01/25,2021012503016799,34,51,80,171.0,13680.0
1619,2021/01/25,2021012503016182,45,34,100,169.0,16900.0
1621,2021/01/25,2021012503015953,49,45,1300,170.0,221000.0
1623,2021/01/25,2021012503015402,58,18,90,171.0,15390.0
1625,2021/01/25,2021012503015020,29,17,200,171.0,34200.0
1627,2021/01/25,2021012503014658,44,56,500,170.0,85000.0
1629,2021/01/25,2021012503012676,58,52,15,170.0,2550.0
1631,2021/01/25,2021012503012652,34,52,30,170.0,5100.0
1633,2021/01/25,2021012503012648,57,52,500,170.0,85000.0
1635,2021/01/25,2021012503012644,22,52,50,170.0,8500.0
1637,2021/01/25,2021012503012640,54,52,100,171.0,17100.0
1639,2021/01/25,2021012503012636,58,52,100,173.0,17300.0
1641,2021/01/25,2021012503011476,21,34,120,175.0,21000.0
1643,2021/01/25,2021012503011157,10,13,550,172.0,94600.0
1645,2021/01/25,2021012503010917,34,38,500,173.0,86500.0
1647,2021/01/25,2021012503010284,51,40,100,173.0,17300.0
1649,2021/01/25,2021012503009376,58,17,100,173.0,17300.0
1651,2021/01/25,2021012503019420,45,57,500,175.0,87500.0
1653,2021/01/25,2021012503019416,45,32,23,175.0,4025.0
1655,2021/01/25,2021012503019032,34,47,10,174.0,1740.0
1657,2021/01/25,2021012503018934,44,49,100,174.0,17400.0
1659,2021/01/25,2021012503018645,13,59,115,173.0,19895.0
1661,2021/01/25,2021012503018584,1,17,490,172.0,84280.0
1663,2021/01/25,2021012503017666,16,26,500,172.0,86000.0
1665,2021/01/25,2021012503017141,39,52,190,172.0,32680.0
1667,2021/01/25,2021012503016802,7,51,200,171.0,34200.0
1669,2021/01/25,2021012503016183,49,34,200,169.0,33800.0
1671,2021/01/25,2021012503016153,45,1,100,170.0,17000.0
1673,2021/01/25,2021012503015606,51,56,500,170.0,85000.0
1675,2021/01/25,2021012503015093,29,14,190,171.0,32490.0
1677,2021/01/25,2021012503014680,39,56,61,169.0,10309.0
1679,2021/01/25,2021012503012806,59,52,100,169.0,16900.0
1681,2021/01/25,2021012503012653,45,52,100,170.0,17000.0
1683,2021/01/25,2021012503012649,53,52,20,170.0,3400.0
1685,2021/01/25,2021012503012645,47,52,200,170.0,34000.0
1687,2021/01/25,2021012503012641,53,52,100,171.0,17100.0
1689,2021/01/25,2021012503012637,34,52,384,172.0,66048.0
1691,2021/01/25,2021012503011477,21,32,30,175.0,5250.0
1693,2021/01/25,2021012503011158,14,13,100,172.0,17200.0
1695,2021/01/25,2021012503011058,47,13,50,173.0,8650.0
1697,2021/01/25,2021012503010285,50,40,605,172.0,104060.0
1699,2021/01/25,2021012503010095,52,6,40,174.0,6960.0
1601,2021/01/25,2021012503009119,49,6,60,174.0,10440.0
1603,2021/01/25,2021012503008455,57,33,210,173.0,36330.0
1605,2021/01/25,2021012503008067,50,53,395,172.0,67940.0
1607,2021/01/25,2021012503007378,52,34,10,175.0,1750.0
1609,2021/01/25,2021012503005287,37,44,300,173.0,51900.0
1611,2021/01/25,2021012503003949,56,44,20,173.0,3460.0
1613,2021/01/25,2021012503003373,48,29,170,177.0,30090.0
1615,2021/01/25,2021012503002936,48,11,300,177.0,53100.0
1617,2021/01/25,2021012503002674,58,44,50,179.0,8950.0
1619,2021/01/25,2021012503002359,58,47,258,180.0,46440.0
1621,2021/01/25,2021012503001243,21,25,10,182.0,1820.0
1623,2021/01/24,2021012403035037,42,44,880,180.0,158400.0
1625,2021/01/24,2021012403034483,52,44,10,180.0,1800.0
1627,2021/01/24,2021012403034263,52,17,100,175.0,17500.0
1629,2021/01/24,2021012403034259,52,16,1370,175.0,239750.0
1631,2021/01/24,2021012403034058,52,38,1022,173.0,176806.0
1633,2021/01/24,2021012403033877,48,17,100,170.0,17000.0
1635,2021/01/24,2021012403033762,41,38,40,170.0,6800.0
1637,2021/01/24,2021012403033458,32,38,100,172.0,17200.0
1639,2021/01/24,2021012403033051,22,6,100,168.0,16800.0
1641,2021/01/24,2021012403032915,48,38,20,170.0,3400.0
1643,2021/01/24,2021012403032662,48,34,100,172.0,17200.0
1645,2021/01/24,2021012403032398,54,38,20,169.0,3380.0
1647,2021/01/24,2021012403032394,41,38,100,169.0,16900.0
1649,2021/01/24,2021012403032348,14,45,100,169.0,16900.0
1651,2021/01/25,2021012503008680,56,19,10,174.0,1740.0
1653,2021/01/25,2021012503008453,57,44,258,173.0,44634.0
1655,2021/01/25,2021012503007457,52,34,10,175.0,1750.0
1657,2021/01/25,2021012503005669,52,44,10,175.0,1750.0
1659,2021/01/25,2021012503004738,6,44,100,173.0,17300.0
1661,2021/01/25,2021012503003488,25,45,63,175.0,11025.0
1663,2021/01/25,2021012503003077,44,36,270,178.0,48060.0
1665,2021/01/25,2021012503002934,19,11,100,177.0,17700.0
1667,2021/01/25,2021012503002515,58,38,50,179.0,8950.0
1669,2021/01/25,2021012503001886,42,47,77,180.0,13860.0
1671,2021/01/25,2021012503000368,41,45,10,180.0,1800.0
1673,2021/01/24,2021012403034585,17,44,200,180.0,36000.0
1675,2021/01/24,2021012403034448,52,10,200,179.0,35800.0
1677,2021/01/24,2021012403034261,52,42,100,175.0,17500.0
1679,2021/01/24,2021012403034060,52,34,150,173.0,25950.0
1681,2021/01/24,2021012403033926,6,38,100,173.0,17300.0
1683,2021/01/24,2021012403033875,49,17,40,172.0,6880.0
1685,2021/01/24,2021012403033612,48,38,100,171.0,17100.0
1687,2021/01/24,2021012403033053,28,6,47,168.0,7896.0
1689,2021/01/24,2021012403033049,33,6,50,169.0,8450.0
1691,2021/01/24,2021012403032806,48,37,145,170.0,24650.0
1693,2021/01/24,2021012403032400,36,38,100,169.0,16900.0
1695,2021/01/24,2021012403032396,45,38,100,169.0,16900.0
1697,2021/01/24,2021012403032350,39,45,350,169.0,59150.0
1699,2021/01/24,2021012403032346,45,45,200,169.0,33800.0
1701,2021/01/25,2021012503008681,44,19,190,173.0,32870.0
1703,2021/01/25,2021012503008454,57,44,110,173.0,19030.0
1705,2021/01/25,2021012503007517,44,44,240,173.0,41520.0
1707,2021/01/25,2021012503007292,47,42,50,174.0,8700.0
1709,2021/01/25,2021012503005165,25,44,170,173.0,29410.0
1711,2021/01/25,2021012503003564,25,44,237,175.0,41475.0
1713,2021/01/25,2021012503003078,48,36,30,177.0,5310.0
1715,2021/01/25,2021012503002935,58,11,100,177.0,17700.0
1717,2021/01/25,2021012503002632,58,44,200,179.0,35800.0
1719,2021/01/25,2021012503002073,38,47,200,180.0,36000.0
1721,2021/01/25,2021012503000686,52,32,10,183.0,1830.0
1723,2021/01/24,2021012403035036,42,42,120,179.0,21480.0
1725,2021/01/24,2021012403034449,52,36,200,179.0,35800.0
1727,2021/01/24,2021012403034262,52,52,100,175.0,17500.0
1729,2021/01/24,2021012403034239,52,17,773,173.0,133729.0
1731,2021/01/24,2021012403033972,32,38,358,173.0,61934.0
1733,2021/01/24,2021012403033876,41,17,150,170.0,25500.0
1735,2021/01/24,2021012403033757,52,38,10,173.0,1730.0
1737,2021/01/24,2021012403033325,48,38,100,170.0,17000.0
1739,2021/01/24,2021012403033050,42,6,200,169.0,33800.0
1741,2021/01/24,2021012403032864,48,38,55,170.0,9350.0
1743,2021/01/24,2021012403032548,59,38,100,169.0,16900.0
1745,2021/01/24,2021012403032397,39,38,500,169.0,84500.0
1747,2021/01/24,2021012403032393,39,38,1650,169.0,278850.0
1749,2021/01/24,2021012403032347,10,45,300,169.0,50700.0
1751,2021/01/25,2021012503009375,44,17,110,173.0,19030.0
1753,2021/01/25,2021012503008679,10,19,100,174.0,17400.0
1755,2021/01/25,2021012503008396,45,44,10,173.0,1730.0
1757,2021/01/25,2021012503007456,52,39,25,173.0,4325.0
1759,2021/01/25,2021012503005386,26,29,30,170.0,5100.0
1761,2021/01/25,2021012503004568,25,41,30,172.0,5160.0
1763,2021/01/25,2021012503003374,42,29,100,177.0,17700.0
1765,2021/01/25,2021012503003062,44,28,50,178.0,8900.0
1767,2021/01/25,2021012503002675,42,44,30,179.0,5370.0
1769,2021/01/25,2021012503002360,58,13,42,180.0,7560.0
1771,2021/01/25,2021012503001750,42,58,23,180.0,4140.0
1773,2021/01/25,2021012503000166,52,32,10,183.0,1830.0
1775,2021/01/24,2021012403034548,48,44,100,180.0,18000.0
1777,2021/01/24,2021012403034447,52,6,100,177.0,17700.0
1779,2021/01/24,2021012403034260,52,16,2000,175.0,350000.0
1781,2021/01/24,2021012403034059,52,22,55,173.0,9515.0
1783,2021/01/24,2021012403033878,42,17,2000,170.0,340000.0
1785,2021/01/24,2021012403033826,52,38,10,173.0,1730.0
1787,2021/01/24,2021012403033500,32,38,50,172.0,8600.0
1789,2021/01/24,2021012403033052,39,6,100,168.0,16800.0
1791,2021/01/24,2021012403033048,6,6,30,169.0,5070.0
1793,2021/01/24,2021012403032762,52,37,55,170.0,9350.0
1795,2021/01/24,2021012403032399,53,38,500,169.0,84500.0
1797,2021/01/24,2021012403032395,25,38,300,169.0,50700.0
1799,2021/01/24,2021012403032349,6,45,100,169.0,16900.0
1701,2021/01/24,2021012403032343,26,45,100,170.0,17000.0
1703,2021/01/24,2021012403032339,40,45,50,170.0,8500.0
1705,2021/01/24,2021012403032322,49,38,100,171.0,17100.0
1707,2021/01/24,2021012403032065,29,38,200,171.0,34200.0
1709,2021/01/24,2021012403032061,42,38,90,171.0,15390.0
1711,2021/01/24,2021012403031907,42,46,10,171.0,1710.0
1713,2021/01/24,2021012403031573,41,38,500,172.0,86000.0
1715,2021/01/24,2021012403030205,39,52,350,172.0,60200.0
1717,2021/01/24,2021012403029880,36,38,800,169.0,135200.0
1719,2021/01/24,2021012403029626,43,38,50,170.0,8500.0
1721,2021/01/24,2021012403029291,47,38,50,170.0,8500.0
1723,2021/01/24,2021012403029123,18,58,100,170.0,17000.0
1725,2021/01/24,2021012403028938,44,33,100,170.0,17000.0
1727,2021/01/24,2021012403028143,36,38,100,169.0,16900.0
1729,2021/01/24,2021012403027952,47,38,500,170.0,85000.0
1731,2021/01/24,2021012403027948,14,38,300,170.0,51000.0
1733,2021/01/24,2021012403027944,16,38,100,170.0,17000.0
1735,2021/01/24,2021012403027906,49,58,50,170.0,8500.0
1737,2021/01/24,2021012403027902,45,58,50,172.0,8600.0
1739,2021/01/24,2021012403027898,32,58,685,172.0,117820.0
1741,2021/01/24,2021012403027894,25,58,1000,172.0,172000.0
1743,2021/01/24,2021012403027890,29,58,1000,172.0,172000.0
1745,2021/01/24,2021012403027873,48,38,112,173.0,19376.0
1747,2021/01/24,2021012403027627,16,34,300,173.0,51900.0
1749,2021/01/24,2021012403027623,33,34,200,173.0,34600.0
1751,2021/01/24,2021012403032344,36,45,200,169.0,33800.0
1753,2021/01/24,2021012403032340,48,45,150,170.0,25500.0
1755,2021/01/24,2021012403032336,32,45,50,170.0,8500.0
1757,2021/01/24,2021012403032110,48,38,50,172.0,8600.0
1759,2021/01/24,2021012403032062,49,38,200,171.0,34200.0
1761,2021/01/24,2021012403031927,44,41,270,172.0,46440.0
1763,2021/01/24,2021012403031726,48,38,100,172.0,17200.0
1765,2021/01/24,2021012403030447,57,38,1000,172.0,172000.0
1767,2021/01/24,2021012403029897,32,38,200,170.0,34000.0
1769,2021/01/24,2021012403029627,4,38,150,170.0,25500.0
1771,2021/01/24,2021012403029309,42,38,50,170.0,8500.0
1773,2021/01/24,2021012403029140,45,52,200,170.0,34000.0
1775,2021/01/24,2021012403028958,44,52,400,170.0,68000.0
1777,2021/01/24,2021012403028144,33,38,100,169.0,16900.0
1779,2021/01/24,2021012403027968,38,38,100,170.0,17000.0
1781,2021/01/24,2021012403027949,46,38,100,170.0,17000.0
1783,2021/01/24,2021012403027945,59,38,200,170.0,34000.0
1785,2021/01/24,2021012403027907,29,58,1000,170.0,170000.0
1787,2021/01/24,2021012403027903,41,58,100,172.0,17200.0
1789,2021/01/24,2021012403027899,42,58,110,172.0,18920.0
1791,2021/01/24,2021012403027895,13,58,100,172.0,17200.0
1793,2021/01/24,2021012403027891,45,58,500,172.0,86000.0
1795,2021/01/24,2021012403027874,48,38,1000,173.0,173000.0
1797,2021/01/24,2021012403027628,33,34,100,173.0,17300.0
1799,2021/01/24,2021012403027624,5,34,1000,173.0,173000.0
1801,2021/01/24,2021012403032345,43,45,100,169.0,16900.0
1803,2021/01/24,2021012403032341,19,45,200,170.0,34000.0
1805,2021/01/24,2021012403032337,58,45,500,170.0,85000.0
1807,2021/01/24,2021012403032202,37,38,100,171.0,17100.0
1809,2021/01/24,2021012403032063,1,38,100,171.0,17100.0
1811,2021/01/24,2021012403031928,44,41,230,172.0,39560.0
1813,2021/01/24,2021012403031842,39,17,50,172.0,8600.0
1815,2021/01/24,2021012403031571,34,38,100,172.0,17200.0
1817,2021/01/24,2021012403029939,50,38,1000,170.0,170000.0
1819,2021/01/24,2021012403029878,42,38,200,170.0,34000.0
1821,2021/01/24,2021012403029310,11,38,100,170.0,17000.0
1823,2021/01/24,2021012403029141,19,52,200,170.0,34000.0
1825,2021/01/24,2021012403029101,47,52,100,170.0,17000.0
1827,2021/01/24,2021012403028238,16,38,630,167.0,105210.0
1829,2021/01/24,2021012403028141,35,38,50,169.0,8450.0
1831,2021/01/24,2021012403027950,21,38,1000,170.0,170000.0
1833,2021/01/24,2021012403027946,52,38,200,170.0,34000.0
1835,2021/01/24,2021012403027908,45,58,1737,170.0,295290.0
1837,2021/01/24,2021012403027904,45,58,50,172.0,8600.0
1839,2021/01/24,2021012403027900,44,58,30,172.0,5160.0
1841,2021/01/24,2021012403027896,34,58,1000,172.0,172000.0
1843,2021/01/24,2021012403027892,38,58,50,172.0,8600.0
1845,2021/01/24,2021012403027875,21,38,100,173.0,17300.0
1847,2021/01/24,2021012403027629,48,34,2123,173.0,367279.0
1849,2021/01/24,2021012403027625,47,34,500,173.0,86500.0
1851,2021/01/24,2021012403032342,34,45,400,170.0,68000.0
1853,2021/01/24,2021012403032338,46,45,1200,170.0,204000.0
1855,2021/01/24,2021012403032291,29,38,150,171.0,25650.0
1857,2021/01/24,2021012403032064,54,38,100,171.0,17100.0
1859,2021/01/24,2021012403032060,39,41,170,172.0,29240.0
1861,2021/01/24,2021012403031881,47,41,230,172.0,39560.0
1863,2021/01/24,2021012403031572,42,38,200,172.0,34400.0
1865,2021/01/24,2021012403030001,57,38,2200,170.0,374000.0
1867,2021/01/24,2021012403029879,45,38,50,169.0,8450.0
1869,2021/01/24,2021012403029366,43,38,50,170.0,8500.0
1871,2021/01/24,2021012403029195,20,52,200,170.0,34000.0
1873,2021/01/24,2021012403029109,45,52,100,170.0,17000.0
1875,2021/01/24,2021012403028937,21,33,100,170.0,17000.0
1877,2021/01/24,2021012403028142,29,38,20,169.0,3380.0
1879,2021/01/24,2021012403027951,48,38,200,170.0,34000.0
1881,2021/01/24,2021012403027947,52,38,200,170.0,34000.0
