#,Date,Transact. No.,Buyer,Seller,Quantity,Rate,Amount
1,2021/02/11,2020000000000000,33,17,10,9099,90990
2,2021/02/11,2020000000000000,22,22,10,9000,90000
3,2021/02/11,2020000000000000,51,49,10,9000,90000
4,2021/02/11,2020000000000000,57,57,10,9016,90160
5,2021/02/11,2020000000000000,25,57,10,9016,90160
6,2021/02/11,2020000000000000,52,57,10,9016,90160
7,2021/02/11,2020000000000000,55,57,10,9050,90500
8,2021/02/11,2020000000000000,7,57,10,9050,90500
9,2021/02/11,2020000000000000,53,57,20,9051,181020
10,2021/02/11,2020000000000000,16,55,15,9051,135765
11,2021/02/11,2020000000000000,17,38,10,9056,90560
12,2021/02/11,2020000000000000,48,55,15,9100,136500
13,2021/02/11,2020000000000000,14,55,10,9065,90650
14,2021/02/11,2020000000000000,45,17,10,9100,91000
15,2021/02/11,2020000000000000,14,38,20,9100,182000
16,2021/02/11,2020000000000000,14,21,25,9233,230825
17,2021/02/11,2020000000000000,14,49,10,9233,92330
18,2021/02/11,2020000000000000,14,53,20,9226,184520
19,2021/02/11,2020000000000000,14,37,20,9200,184000
20,2021/02/11,2020000000000000,14,53,10,9199,91990
21,2021/02/11,2020000000000000,22,35,10,9057,90570
22,2021/02/11,2020000000000000,22,35,10,9052,90520
23,2021/02/11,2020000000000000,22,35,10,9052,90520
24,2021/02/11,2020000000000000,17,35,10,9053,90530
25,2021/02/11,2020000000000000,42,35,10,9054,90540
26,2021/02/11,2020000000000000,43,21,10,9046,90460
27,2021/02/11,2020000000000000,19,21,12,9035,108420
1,2021/02/14,2020000000000000,40,38,10,9080,90800
2,2021/02/14,2020000000000000,33,28,20,9000,180000
3,2021/02/14,2020000000000000,1,56,10,9000,90000
4,2021/02/14,2020000000000000,1,56,10,9000,90000
5,2021/02/14,2020000000000000,42,45,10,9095,90950
6,2021/02/14,2020000000000000,55,55,10,8918,89180
1,2021/02/15,2020000000000000,6,43,18,9611,172998
2,2021/02/15,2020000000000000,6,57,10,9423,94230
3,2021/02/15,2020000000000000,6,58,10,9400,94000
4,2021/02/15,2020000000000000,6,57,20,9300,186000
5,2021/02/15,2020000000000000,6,45,10,9250,92500
6,2021/02/15,2020000000000000,19,53,20,9239,184780
7,2021/02/15,2020000000000000,35,38,100,9200,920000
8,2021/02/15,2020000000000000,35,44,30,9200,276000
9,2021/02/15,2020000000000000,21,44,35,9185,321475
10,2021/02/15,2020000000000000,8,58,10,9184,91840
11,2021/02/15,2020000000000000,10,44,15,9185,137775
12,2021/02/15,2020000000000000,42,48,10,9101,91010
13,2021/02/15,2020000000000000,55,38,100,9100,910000
14,2021/02/15,2020000000000000,37,44,20,9200,184000
15,2021/02/15,2020000000000000,42,53,10,9081,90810
1,2021/02/16,2020000000000000,36,37,50,9248,462400
2,2021/02/16,2020000000000000,36,43,50,9231,461550
3,2021/02/16,2020000000000000,22,55,10,9150,91500
4,2021/02/16,2020000000000000,55,19,10,9150,91500
5,2021/02/16,2020000000000000,38,19,10,9160,91600
6,2021/02/16,2020000000000000,55,19,10,9160,91600
7,2021/02/16,2020000000000000,57,49,10,9161,91610
8,2021/02/16,2020000000000000,7,49,10,9162,91620
9,2021/02/16,2020000000000000,41,38,10,9165,91650
10,2021/02/16,2020000000000000,18,19,20,9200,184000
11,2021/02/16,2020000000000000,42,14,10,9200,92000
12,2021/02/16,2020000000000000,41,1,10,9235,92350
13,2021/02/16,2020000000000000,55,6,10,9231,92310
14,2021/02/16,2020000000000000,52,53,10,9419,94190
15,2021/02/16,2020000000000000,52,53,10,9420,94200
16,2021/02/16,2020000000000000,17,39,10,9419,94190
1,2021/02/17,2020000000000000,55,29,10,9100,91000
2,2021/02/17,2020000000000000,42,1,10,9200,92000
3,2021/02/17,2020000000000000,55,19,10,9198,91980
4,2021/02/17,2020000000000000,20,38,10,9110,91100
5,2021/02/17,2020000000000000,51,19,10,9198,91980
6,2021/02/17,2020000000000000,51,1,10,9198,91980
7,2021/02/17,2020000000000000,20,50,10,9110,91100
8,2021/02/17,2020000000000000,42,38,10,9011,90110
9,2021/02/17,2020000000000000,34,38,10,9011,90110
10,2021/02/17,2020000000000000,34,1,10,9150,91500
11,2021/02/17,2020000000000000,56,17,20,9010,180200
12,2021/02/17,2020000000000000,34,22,10,9100,91000
13,2021/02/17,2020000000000000,36,43,40,9150,366000
14,2021/02/17,2020000000000000,39,35,10,9090,90900
15,2021/02/17,2020000000000000,29,17,20,9250,185000
16,2021/02/17,2020000000000000,29,34,10,9431,94310
17,2021/02/17,2020000000000000,29,26,10,9430,94300
1,2021/02/18,2020000000000000,29,43,10,9100,91000
2,2021/02/18,2020000000000000,46,41,10,9058,90580
3,2021/02/18,2020000000000000,55,41,10,9060,90600
4,2021/02/18,2020000000000000,42,41,10,9060,90600
5,2021/02/18,2020000000000000,53,41,10,9060,90600
6,2021/02/18,2020000000000000,55,43,10,9100,91000
7,2021/02/18,2020000000000000,55,43,10,9100,91000
8,2021/02/18,2020000000000000,57,58,10,9102,91020
9,2021/02/18,2020000000000000,42,46,10,9150,91500
10,2021/02/18,2020000000000000,55,38,10,9195,91950
11,2021/02/18,2020000000000000,55,53,10,9198,91980
12,2021/02/18,2020000000000000,7,56,10,9199,91990
13,2021/02/18,2020000000000000,55,42,10,9190,91900
1,2021/02/21,2020000000000000,42,28,10,8900,89000
2,2021/02/21,2020000000000000,44,57,10,8900,89000
3,2021/02/21,2020000000000000,42,57,10,8901,89010
4,2021/02/21,2020000000000000,17,57,20,8909,178180
5,2021/02/21,2020000000000000,57,57,10,8910,89100
6,2021/02/21,2020000000000000,58,57,10,8910,89100
7,2021/02/21,2020000000000000,53,57,10,8920,89200
8,2021/02/21,2020000000000000,42,57,50,8920,446000
9,2021/02/21,2020000000000000,55,57,10,8920,89200
10,2021/02/21,2020000000000000,54,57,10,8920,89200
11,2021/02/21,2020000000000000,58,57,10,8930,89300
12,2021/02/21,2020000000000000,38,57,10,9099,90990
13,2021/02/21,2020000000000000,46,57,30,8921,267630
14,2021/02/21,2020000000000000,34,57,10,9070,90700
15,2021/02/21,2020000000000000,32,1,10,9120,91200
16,2021/02/21,2020000000000000,37,1,10,9100,91000
1,2021/02/22,2020000000000000,45,57,10,8971,89710
2,2021/02/22,2020000000000000,57,41,10,8796,87960
3,2021/02/22,2020000000000000,42,41,10,8796,87960
4,2021/02/22,2020000000000000,42,41,10,8810,88100
5,2021/02/22,2020000000000000,34,41,10,8976,89760
6,2021/02/22,2020000000000000,14,57,20,8800,176000
7,2021/02/22,2020000000000000,14,57,50,8801,440050
8,2021/02/22,2020000000000000,34,17,10,8975,89750
9,2021/02/22,2020000000000000,7,57,10,8896,88960
10,2021/02/22,2020000000000000,7,57,50,8722,436100
11,2021/02/22,2020000000000000,43,57,10,8722,87220
12,2021/02/22,2020000000000000,34,57,10,8747,87470
13,2021/02/22,2020000000000000,43,57,100,8750,875000
14,2021/02/22,2020000000000000,38,57,10,8796,87960
15,2021/02/22,2020000000000000,14,17,35,8975,314125
16,2021/02/22,2020000000000000,14,29,10,8950,89500
17,2021/02/22,2020000000000000,59,1,10,8925,89250
18,2021/02/22,2020000000000000,34,17,10,8975,89750
19,2021/02/22,2020000000000000,34,57,80,8800,704000
20,2021/02/22,2020000000000000,53,57,20,8805,176100
21,2021/02/22,2020000000000000,55,57,10,8822,88220
22,2021/02/22,2020000000000000,57,57,20,8822,176440
23,2021/02/22,2020000000000000,53,57,20,8825,176500
24,2021/02/22,2020000000000000,42,57,10,8850,88500
25,2021/02/22,2020000000000000,45,57,20,8850,177000
26,2021/02/22,2020000000000000,11,17,10,8900,89000
27,2021/02/22,2020000000000000,55,17,10,8900,89000
28,2021/02/22,2020000000000000,51,17,10,8910,89100
29,2021/02/22,2020000000000000,35,51,10,9000,90000
30,2021/02/22,2020000000000000,54,17,20,8910,178200
1,2021/02/23,2020000000000000,43,57,100,8700,870000
2,2021/02/23,2020000000000000,21,57,10,8700,87000
3,2021/02/23,2020000000000000,34,19,10,8796,87960
4,2021/02/23,2020000000000000,22,57,20,8624,172480
5,2021/02/23,2020000000000000,22,57,20,8624,172480
6,2021/02/23,2020000000000000,22,57,10,8624,86240
7,2021/02/23,2020000000000000,55,57,10,8624,86240
8,2021/02/23,2020000000000000,40,57,20,8650,173000
9,2021/02/23,2020000000000000,58,57,12,8650,103800
10,2021/02/23,2020000000000000,5,57,10,8651,86510
11,2021/02/23,2020000000000000,14,57,20,8661,173220
12,2021/02/23,2020000000000000,29,38,10,8800,88000
13,2021/02/23,2020000000000000,58,6,10,8800,88000
14,2021/02/23,2020000000000000,17,6,10,8810,88100
15,2021/02/23,2020000000000000,58,41,10,8800,88000
16,2021/02/23,2020000000000000,32,8,10,8900,89000
1,2021/02/24,2020000000000000,55,50,10,8900,89000
2,2021/02/24,2020000000000000,55,21,10,8950,89500
3,2021/02/24,2020000000000000,38,1,10,9051,90510
4,2021/02/24,2020000000000000,26,57,15,8976,134640
5,2021/02/24,2020000000000000,16,57,10,8976,89760
6,2021/02/24,2020000000000000,49,17,20,8800,176000
7,2021/02/24,2020000000000000,21,17,10,8800,88000
8,2021/02/24,2020000000000000,39,1,10,8874,88740
1,2021/02/25,2020000000000000,55,37,10,8725,87250
2,2021/02/25,2020000000000000,36,17,50,8820,441000
3,2021/02/25,2020000000000000,28,17,10,9000,90000
4,2021/02/25,2020000000000000,38,44,10,9078,90780
1,2021/03/01,2020000000000000,45,29,20,8640,172800
2,2021/03/01,2020000000000000,10,17,19,8560,162640
3,2021/03/01,2020000000000000,58,17,41,8562,351042
4,2021/03/01,2020000000000000,22,17,10,8563,85630
5,2021/03/01,2020000000000000,14,17,10,8565,85650
6,2021/03/01,2020000000000000,38,17,10,8550,85500
7,2021/03/01,2020000000000000,52,17,20,8552,171040
8,2021/03/01,2020000000000000,35,17,30,8553,256590
9,2021/03/01,2020000000000000,14,19,10,8670,86700
10,2021/03/01,2020000000000000,14,57,10,8670,86700
11,2021/03/01,2020000000000000,14,34,14,8670,121380
12,2021/03/01,2020000000000000,14,53,30,8659,259770
13,2021/03/01,2020000000000000,40,1,10,8650,86500
14,2021/03/01,2020000000000000,40,34,10,8600,86000
1,2021/03/02,2020000000000000,8,55,10,8580,85800
2,2021/03/02,2020000000000000,22,51,10,8580,85800
3,2021/03/02,2020000000000000,14,26,26,8576,222976
4,2021/03/02,2020000000000000,45,35,10,8570,85700
5,2021/03/02,2020000000000000,14,38,10,8688,86880
6,2021/03/02,2020000000000000,14,54,10,8689,86890
7,2021/03/02,2020000000000000,14,54,10,8689,86890
8,2021/03/02,2020000000000000,14,38,10,8650,86500
9,2021/03/02,2020000000000000,55,38,10,8700,87000
1,2021/03/03,2020000000000000,45,37,10,8500,85000
2,2021/03/03,2020000000000000,45,59,10,8499,84990
3,2021/03/03,2020000000000000,32,59,10,8499,84990
4,2021/03/03,2020000000000000,34,42,10,8401,84010
5,2021/03/03,2020000000000000,34,42,80,8401,672080
6,2021/03/03,2020000000000000,38,42,10,8410,84100
7,2021/03/03,2020000000000000,10,42,20,8410,168200
8,2021/03/03,2020000000000000,22,42,40,8411,336440
9,2021/03/03,2020000000000000,10,42,20,8415,168300
10,2021/03/03,2020000000000000,38,42,10,8420,84200
11,2021/03/03,2020000000000000,22,26,10,8411,84110
12,2021/03/03,2020000000000000,34,58,15,8500,127500
13,2021/03/03,2020000000000000,34,34,10,8500,85000
14,2021/03/03,2020000000000000,34,59,210,8500,1785000
15,2021/03/03,2020000000000000,6,59,20,8500,170000
16,2021/03/03,2020000000000000,10,42,10,8380,83800
17,2021/03/03,2020000000000000,18,59,10,8500,85000
18,2021/03/03,2020000000000000,55,39,10,8378,83780
19,2021/03/03,2020000000000000,38,39,10,8378,83780
20,2021/03/03,2020000000000000,18,38,10,8548,85480
21,2021/03/03,2020000000000000,57,57,10,8722,87220
22,2021/03/03,2020000000000000,6,43,10,8900,89000
1,2021/03/04,2020000000000000,34,38,200,9000,1800000
2,2021/03/04,2020000000000000,34,55,30,8990,269700
3,2021/03/04,2020000000000000,34,17,30,8980,269400
4,2021/03/04,2020000000000000,49,55,10,8888,88880
5,2021/03/04,2020000000000000,49,44,10,8880,88800
6,2021/03/04,2020000000000000,45,53,30,8835,265050
7,2021/03/04,2020000000000000,45,59,10,8715,87150
8,2021/03/04,2020000000000000,44,59,10,8725,87250
9,2021/03/04,2020000000000000,49,53,30,8723,261690
10,2021/03/04,2020000000000000,49,59,10,8700,87000
11,2021/03/04,2020000000000000,49,57,10,8690,86900
12,2021/03/04,2020000000000000,54,35,10,8650,86500
13,2021/03/04,2020000000000000,58,35,20,8685,173700
14,2021/03/04,2020000000000000,25,58,10,8670,86700
15,2021/03/04,2020000000000000,25,57,10,8660,86600
1,2021/03/07,2020000000000000,14,58,30,8644,259320
2,2021/03/07,2020000000000000,21,58,10,8722,87220
3,2021/03/07,2020000000000000,45,58,10,8725,87250
4,2021/03/07,2020000000000000,45,3,10,8725,87250
5,2021/03/07,2020000000000000,46,10,10,8820,88200
6,2021/03/07,2020000000000000,45,22,15,8822,132330
7,2021/03/07,2020000000000000,3,57,10,8825,88250
8,2021/03/07,2020000000000000,34,10,30,8826,264780
9,2021/03/07,2020000000000000,34,10,20,8826,176520
10,2021/03/07,2020000000000000,57,10,10,8830,88300
11,2021/03/07,2020000000000000,55,22,10,8850,88500
12,2021/03/07,2020000000000000,34,14,10,8900,89000
1,2021/03/09,2020000000000000,57,21,20,8485,169700
2,2021/03/09,2020000000000000,40,45,10,8499,84990
3,2021/03/09,2020000000000000,38,45,10,8499,84990
4,2021/03/09,2020000000000000,3,3,10,8644,86440
1,2021/03/10,2020000000000000,6,55,10,9019,90190
2,2021/03/10,2020000000000000,6,55,10,8843,88430
3,2021/03/10,2020000000000000,6,3,10,8670,86700
4,2021/03/10,2020000000000000,6,45,10,8670,86700
5,2021/03/10,2020000000000000,6,29,10,8654,86540
6,2021/03/10,2020000000000000,6,21,15,8530,127950
7,2021/03/10,2020000000000000,6,21,30,8515,255450
8,2021/03/10,2020000000000000,6,21,10,8500,85000
9,2021/03/10,2020000000000000,41,21,10,8500,85000
10,2021/03/10,2020000000000000,22,28,20,8500,170000
11,2021/03/10,2020000000000000,43,21,20,8500,170000
12,2021/03/10,2020000000000000,43,21,30,8450,253500
13,2021/03/10,2020000000000000,34,47,30,8500,255000
14,2021/03/10,2020000000000000,51,47,20,8500,170000
15,2021/03/10,2020000000000000,7,58,10,8494,84940
16,2021/03/10,2020000000000000,41,37,20,8328,166560
1,2021/03/14,2020000000000000,6,53,10,9000,90000
2,2021/03/14,2020000000000000,6,22,20,8999,179980
3,2021/03/14,2020000000000000,6,38,10,8940,89400
4,2021/03/14,2020000000000000,6,46,10,8900,89000
5,2021/03/14,2020000000000000,6,34,10,8889,88890
6,2021/03/14,2020000000000000,6,8,10,8830,88300
7,2021/03/14,2020000000000000,6,39,110,8830,971300
8,2021/03/14,2020000000000000,6,21,10,8825,88250
9,2021/03/14,2020000000000000,6,51,20,8820,176400
10,2021/03/14,2020000000000000,6,21,20,8700,174000
11,2021/03/14,2020000000000000,6,45,10,8850,88500
12,2021/03/14,2020000000000000,6,44,20,8775,175500
13,2021/03/14,2020000000000000,6,22,10,8770,87700
14,2021/03/14,2020000000000000,53,52,10,8725,87250
15,2021/03/14,2020000000000000,32,56,10,8771,87710
16,2021/03/14,2020000000000000,59,56,10,8771,87710
17,2021/03/14,2020000000000000,34,44,30,8775,263250
18,2021/03/14,2020000000000000,34,45,20,8775,175500
19,2021/03/14,2020000000000000,21,57,10,8900,89000
20,2021/03/14,2020000000000000,4,29,10,8949,89490
21,2021/03/14,2020000000000000,32,43,10,8839,88390
1,2021/03/15,2020000000000000,34,57,20,8821,176420
2,2021/03/15,2020000000000000,25,22,10,8825,88250
3,2021/03/15,2020000000000000,25,49,10,8825,88250
4,2021/03/15,2020000000000000,34,49,50,8827,441350
5,2021/03/15,2020000000000000,6,49,10,8828,88280
6,2021/03/15,2020000000000000,34,45,10,8950,89500
7,2021/03/15,2020000000000000,34,35,30,8950,268500
8,2021/03/15,2020000000000000,34,17,30,8950,268500
9,2021/03/15,2020000000000000,1,22,10,8900,89000
10,2021/03/15,2020000000000000,6,42,10,9000,90000
11,2021/03/15,2020000000000000,57,17,10,8900,89000
12,2021/03/15,2020000000000000,6,34,10,9000,90000
13,2021/03/15,2020000000000000,8,34,10,9000,90000
14,2021/03/15,2020000000000000,8,6,10,8997,89970
15,2021/03/15,2020000000000000,8,10,10,8997,89970
16,2021/03/15,2020000000000000,6,10,10,8997,89970
17,2021/03/15,2020000000000000,43,34,10,9100,91000
18,2021/03/15,2020000000000000,6,43,50,9180,459000
1,2021/03/16,2020000000000000,37,51,10,8700,87000
2,2021/03/16,2020000000000000,22,38,10,8700,87000
3,2021/03/16,2020000000000000,37,53,10,8700,87000
4,2021/03/16,2020000000000000,55,44,10,8700,87000
5,2021/03/16,2020000000000000,37,44,10,8700,87000
6,2021/03/16,2020000000000000,37,42,10,8660,86600
1,2021/03/17,2020000000000000,33,45,10,9015,90150
2,2021/03/17,2020000000000000,34,43,100,9000,900000
3,2021/03/17,2020000000000000,34,14,10,8995,89950
4,2021/03/17,2020000000000000,34,10,10,8995,89950
5,2021/03/17,2020000000000000,34,41,30,8990,269700
6,2021/03/17,2020000000000000,34,5,10,8990,89900
7,2021/03/17,2020000000000000,52,51,10,8998,89980
8,2021/03/17,2020000000000000,52,41,10,8874,88740
1,2021/03/18,2020000000000000,45,41,10,8821,88210
2,2021/03/18,2020000000000000,6,38,30,8835,265050
3,2021/03/18,2020000000000000,58,38,30,8840,265200
4,2021/03/18,2020000000000000,34,38,50,8850,442500
5,2021/03/18,2020000000000000,7,34,50,8909,445450
6,2021/03/18,2020000000000000,58,10,10,9090,90900
1,2021/03/21,2020000000000000,33,42,10,8884,88840
2,2021/03/21,2020000000000000,54,49,20,8710,174200
3,2021/03/21,2020000000000000,57,49,10,8710,87100
4,2021/03/21,2020000000000000,42,13,10,8710,87100
5,2021/03/21,2020000000000000,55,13,10,8711,87110
6,2021/03/21,2020000000000000,44,13,10,8712,87120
7,2021/03/21,2020000000000000,8,13,10,8713,87130
8,2021/03/21,2020000000000000,26,13,20,8713,174260
9,2021/03/21,2020000000000000,54,13,10,8714,87140
10,2021/03/21,2020000000000000,34,13,10,8715,87150
11,2021/03/21,2020000000000000,13,13,10,8800,88000
12,2021/03/21,2020000000000000,34,13,10,8801,88010
13,2021/03/21,2020000000000000,14,37,30,8990,269700
14,2021/03/21,2020000000000000,14,36,10,8980,89800
15,2021/03/21,2020000000000000,34,34,6,8801,52806
16,2021/03/21,2020000000000000,55,57,14,8884,124376
17,2021/03/21,2020000000000000,55,57,10,8710,87100
18,2021/03/21,2020000000000000,55,45,10,8850,88500
19,2021/03/21,2020000000000000,46,45,10,8845,88450
1,2021/03/22,2020000000000000,29,25,10,8890,88900
1,2021/03/23,2020000000000000,16,42,10,8899,88990
2,2021/03/23,2020000000000000,8,38,50,9060,453000
3,2021/03/23,2020000000000000,8,38,50,9000,450000
4,2021/03/23,2020000000000000,8,56,30,9000,270000
5,2021/03/23,2020000000000000,8,32,10,8991,89910
6,2021/03/23,2020000000000000,8,58,12,8980,107760
7,2021/03/23,2020000000000000,8,34,10,8950,89500
8,2021/03/23,2020000000000000,8,34,10,8900,89000
9,2021/03/23,2020000000000000,38,34,10,8900,89000
10,2021/03/23,2020000000000000,40,42,10,8990,89900
11,2021/03/23,2020000000000000,42,49,11,9000,99000
12,2021/03/23,2020000000000000,42,10,19,8990,170810
13,2021/03/23,2020000000000000,42,42,10,8950,89500
14,2021/03/23,2020000000000000,45,42,10,8950,89500
15,2021/03/23,2020000000000000,55,37,20,8887,177740
16,2021/03/23,2020000000000000,14,34,10,8713,87130
1,2021/03/24,2020000000000000,35,33,10,8935,89350
2,2021/03/24,2020000000000000,17,22,10,9065,90650
3,2021/03/24,2020000000000000,17,44,10,9089,90890
4,2021/03/24,2020000000000000,52,17,10,9100,91000
5,2021/03/24,2020000000000000,49,47,10,9050,90500
1,2021/03/25,2020000000000000,38,29,10,9500,95000
2,2021/03/25,2020000000000000,17,17,10,9500,95000
3,2021/03/25,2020000000000000,48,45,10,9500,95000
4,2021/03/25,2020000000000000,58,26,10,9450,94500
5,2021/03/25,2020000000000000,43,58,10,9600,96000
6,2021/03/25,2020000000000000,16,58,20,9600,192000
7,2021/03/25,2020000000000000,42,58,10,9650,96500
8,2021/03/25,2020000000000000,14,26,10,9650,96500
9,2021/03/25,2020000000000000,14,26,15,9650,144750
10,2021/03/25,2020000000000000,7,26,10,9650,96500
11,2021/03/25,2020000000000000,16,53,20,9600,192000
12,2021/03/25,2020000000000000,16,35,10,9600,96000
13,2021/03/25,2020000000000000,8,35,10,9600,96000
14,2021/03/25,2020000000000000,16,53,20,9574,191480
15,2021/03/25,2020000000000000,16,29,10,9574,95740
16,2021/03/25,2020000000000000,1,26,10,9650,96500
17,2021/03/25,2020000000000000,38,34,10,9700,97000
18,2021/03/25,2020000000000000,35,34,10,9700,97000
19,2021/03/25,2020000000000000,43,34,10,9700,97000
20,2021/03/25,2020000000000000,7,43,10,9710,97100
21,2021/03/25,2020000000000000,16,21,10,9800,98000
22,2021/03/25,2020000000000000,36,43,10,9810,98100
23,2021/03/25,2020000000000000,55,43,10,9828,98280
24,2021/03/25,2020000000000000,55,47,10,9828,98280
25,2021/03/25,2020000000000000,17,58,10,9828,98280
26,2021/03/25,2020000000000000,39,34,10,9828,98280
27,2021/03/25,2020000000000000,3,57,10,9828,98280
28,2021/03/25,2020000000000000,3,32,20,9828,196560
29,2021/03/25,2020000000000000,3,43,10,9828,98280
30,2021/03/25,2020000000000000,51,59,20,9828,196560
31,2021/03/25,2020000000000000,51,25,10,9828,98280
32,2021/03/25,2020000000000000,16,45,10,9800,98000
33,2021/03/25,2020000000000000,16,47,10,9800,98000
34,2021/03/25,2020000000000000,3,55,10,9825,98250
35,2021/03/25,2020000000000000,57,19,10,9828,98280
36,2021/03/25,2020000000000000,49,19,10,9828,98280
37,2021/03/25,2020000000000000,49,34,20,9828,196560
38,2021/03/25,2020000000000000,49,57,10,9828,98280
39,2021/03/25,2020000000000000,49,34,10,9828,98280
40,2021/03/25,2020000000000000,49,38,50,9828,491400
41,2021/03/25,2020000000000000,16,38,30,9828,294840
42,2021/03/25,2020000000000000,16,34,10,9828,98280
43,2021/03/25,2020000000000000,16,55,10,9828,98280
44,2021/03/25,2020000000000000,14,42,20,9828,196560
45,2021/03/25,2020000000000000,8,42,10,9828,98280
46,2021/03/25,2020000000000000,38,42,10,9828,98280
47,2021/03/25,2020000000000000,7,42,10,9828,98280
48,2021/03/25,2020000000000000,7,57,10,9828,98280
49,2021/03/25,2020000000000000,39,58,10,9828,98280
50,2021/03/25,2020000000000000,38,38,20,9828,196560
51,2021/03/25,2020000000000000,38,32,20,9828,196560
52,2021/03/25,2020000000000000,49,37,20,9828,196560
53,2021/03/25,2020000000000000,49,57,10,9828,98280
54,2021/03/25,2020000000000000,49,42,70,9827,687890
55,2021/03/25,2020000000000000,8,42,10,9828,98280
56,2021/03/25,2020000000000000,8,47,10,9828,98280
57,2021/03/25,2020000000000000,16,53,50,9828,491400
58,2021/03/25,2020000000000000,38,42,25,9827,245675
59,2021/03/25,2020000000000000,38,28,20,9828,196560
60,2021/03/25,2020000000000000,38,39,10,9828,98280
61,2021/03/25,2020000000000000,38,42,20,9828,196560
62,2021/03/25,2020000000000000,50,49,20,9828,196560
63,2021/03/25,2020000000000000,39,49,10,9828,98280
64,2021/03/25,2020000000000000,8,42,10,9828,98280
65,2021/03/25,2020000000000000,44,26,14,9828,137592
66,2021/03/25,2020000000000000,38,11,10,9828,98280
67,2021/03/25,2020000000000000,38,26,10,9828,98280
68,2021/03/25,2020000000000000,16,53,50,9828,491400
69,2021/03/25,2020000000000000,16,55,10,9828,98280
70,2021/03/25,2020000000000000,16,53,50,9828,491400
71,2021/03/25,2020000000000000,16,53,20,9828,196560
72,2021/03/25,2020000000000000,8,22,20,9828,196560
73,2021/03/25,2020000000000000,16,39,20,9828,196560
74,2021/03/25,2020000000000000,16,17,10,9828,98280
75,2021/03/25,2020000000000000,16,17,150,9828,1474200
76,2021/03/25,2020000000000000,16,14,20,9827,196540
77,2021/03/25,2020000000000000,16,38,10,9828,98280
78,2021/03/25,2020000000000000,16,38,20,9828,196560
79,2021/03/25,2020000000000000,16,40,20,9762,195240
80,2021/03/25,2020000000000000,16,38,10,9762,97620
81,2021/03/25,2020000000000000,16,22,20,9760,195200
82,2021/03/25,2020000000000000,16,38,10,9571,95710
83,2021/03/25,2020000000000000,16,42,20,9384,187680
84,2021/03/25,2020000000000000,7,42,20,9384,187680
85,2021/03/25,2020000000000000,41,57,10,9380,93800
86,2021/03/25,2020000000000000,16,57,10,9380,93800
87,2021/03/25,2020000000000000,16,42,30,9384,281520
88,2021/03/25,2020000000000000,37,42,50,9384,469200
89,2021/03/25,2020000000000000,16,58,20,9380,187600
90,2021/03/25,2020000000000000,8,28,20,9380,187600
91,2021/03/25,2020000000000000,16,42,10,9349,93490
92,2021/03/25,2020000000000000,52,16,10,9350,93500
93,2021/03/25,2020000000000000,38,1,20,9349,186980
94,2021/03/25,2020000000000000,50,52,10,9250,92500
95,2021/03/25,2020000000000000,57,14,20,9250,185000
96,2021/03/25,2020000000000000,8,22,10,9200,92000
97,2021/03/25,2020000000000000,52,22,10,9200,92000
98,2021/03/25,2020000000000000,22,57,10,9200,92000
99,2021/03/25,2020000000000000,22,22,10,9200,92000
100,2021/03/25,2020000000000000,57,34,20,9100,182000
101,2021/03/25,2020000000000000,51,34,10,9100,91000
102,2021/03/25,2020000000000000,37,34,50,9100,455000
103,2021/03/25,2020000000000000,33,52,10,9200,92000
104,2021/03/25,2020000000000000,35,22,10,9282,92820
105,2021/03/25,2020000000000000,35,32,10,9282,92820
106,2021/03/25,2020000000000000,35,57,10,9282,92820
107,2021/03/25,2020000000000000,35,19,12,9281,111372
108,2021/03/25,2020000000000000,35,54,10,9250,92500
109,2021/03/25,2020000000000000,35,55,10,9249,92490
110,2021/03/25,2020000000000000,38,22,10,9100,91000
111,2021/03/25,2020000000000000,38,43,100,9100,910000
112,2021/03/25,2020000000000000,8,55,10,9113,91130
1,2021/03/29,2020000000000000,49,45,10,9500,95000
2,2021/03/29,2020000000000000,49,52,10,9500,95000
3,2021/03/29,2020000000000000,37,32,10,9517,95170
4,2021/03/29,2020000000000000,37,53,10,9517,95170
5,2021/03/29,2020000000000000,8,55,10,9331,93310
6,2021/03/29,2020000000000000,49,55,10,9500,95000
7,2021/03/29,2020000000000000,45,22,10,9505,95050
8,2021/03/29,2020000000000000,44,45,10,9686,96860
9,2021/03/29,2020000000000000,35,45,10,9883,98830
10,2021/03/29,2020000000000000,45,37,10,9690,96900
11,2021/03/29,2020000000000000,11,58,10,9500,95000
1,2021/03/30,2020000000000000,34,8,10,9400,94000
2,2021/03/30,2020000000000000,13,45,10,9450,94500
3,2021/03/30,2020000000000000,13,38,10,9450,94500
4,2021/03/30,2020000000000000,1,8,30,9350,280500
5,2021/03/30,2020000000000000,56,41,10,9300,93000
6,2021/03/30,2020000000000000,16,8,20,9314,186280
7,2021/03/30,2020000000000000,38,8,10,9310,93100
8,2021/03/30,2020000000000000,56,8,10,9313,93130
9,2021/03/30,2020000000000000,56,8,10,9333,93330
10,2021/03/30,2020000000000000,58,8,30,9340,280200
11,2021/03/30,2020000000000000,56,8,10,9343,93430
12,2021/03/30,2020000000000000,4,8,10,9350,93500
13,2021/03/30,2020000000000000,43,8,30,9350,280500
1,2021/04/01,2020000000000000,14,38,10,9100,91000
2,2021/04/01,2020000000000000,42,38,10,9105,91050
3,2021/04/01,2020000000000000,22,38,30,9163,274890
4,2021/04/01,2020000000000000,57,8,20,9170,183400
5,2021/04/01,2020000000000000,8,38,10,9183,91830
6,2021/04/01,2020000000000000,28,38,10,9183,91830
7,2021/04/01,2020000000000000,50,38,10,9300,93000
8,2021/04/01,2020000000000000,45,38,20,9200,184000
9,2021/04/01,2020000000000000,34,10,15,9350,140250
10,2021/04/01,2020000000000000,34,52,20,9350,187000
11,2021/04/01,2020000000000000,34,8,10,9350,93500
12,2021/04/01,2020000000000000,58,45,35,9370,327950
13,2021/04/01,2020000000000000,58,45,10,9370,93700
14,2021/04/01,2020000000000000,53,28,10,9282,92820
1,2021/04/04,2020000000000000,6,28,10,9468,94680
2,2021/04/04,2020000000000000,14,38,50,9283,464150
3,2021/04/04,2020000000000000,11,45,10,9101,91010
1,2021/04/05,2020000000000000,58,43,20,9400,188000
2,2021/04/05,2020000000000000,58,32,10,9468,94680
3,2021/04/05,2020000000000000,58,59,20,9500,190000
4,2021/04/05,2020000000000000,58,53,10,9500,95000
5,2021/04/05,2020000000000000,58,34,30,9500,285000
6,2021/04/05,2020000000000000,58,38,10,9500,95000
7,2021/04/05,2020000000000000,58,45,35,9500,332500
8,2021/04/05,2020000000000000,58,53,10,9500,95000
9,2021/04/05,2020000000000000,58,54,10,9500,95000
10,2021/04/05,2020000000000000,58,37,50,9500,475000
11,2021/04/05,2020000000000000,58,40,30,9500,285000
12,2021/04/05,2020000000000000,43,8,10,9650,96500
13,2021/04/05,2020000000000000,43,7,10,9600,96000
14,2021/04/05,2020000000000000,46,21,10,9657,96570
15,2021/04/05,2020000000000000,46,4,10,9657,96570
16,2021/04/05,2020000000000000,46,39,20,9657,193140
17,2021/04/05,2020000000000000,46,35,10,9650,96500
1,2021/04/06,2020000000000000,43,45,12,9212,110544
2,2021/04/06,2020000000000000,58,7,30,9300,279000
3,2021/04/06,2020000000000000,58,49,10,9300,93000
4,2021/04/06,2020000000000000,58,59,10,9300,93000
1,2021/04/07,2020000000000000,4,42,10,9300,93000
2,2021/04/07,2020000000000000,4,17,90,9300,837000
3,2021/04/07,2020000000000000,14,17,20,9311,186220
4,2021/04/07,2020000000000000,4,37,20,9450,189000
5,2021/04/07,2020000000000000,4,49,50,9448,472400
6,2021/04/07,2020000000000000,4,48,20,9440,188800
7,2021/04/07,2020000000000000,4,28,10,9439,94390
8,2021/04/07,2020000000000000,8,48,12,9450,113400
9,2021/04/07,2020000000000000,43,37,20,9396,187920
10,2021/04/07,2020000000000000,14,48,30,9396,281880
11,2021/04/07,2020000000000000,14,35,22,9396,206712
12,2021/04/07,2020000000000000,14,36,10,9396,93960
1,2021/04/08,2020000000000000,14,50,10,9300,93000
2,2021/04/08,2020000000000000,22,50,10,9450,94500
3,2021/04/08,2020000000000000,14,37,10,9620,96200
4,2021/04/08,2020000000000000,38,37,50,9650,482500
5,2021/04/08,2020000000000000,39,3,40,9559,382360
6,2021/04/08,2020000000000000,14,16,50,9559,477950
7,2021/04/08,2020000000000000,14,57,10,9550,95500
8,2021/04/08,2020000000000000,14,44,10,9550,95500
9,2021/04/08,2020000000000000,14,58,10,9500,95000
10,2021/04/08,2020000000000000,14,56,10,9490,94900
11,2021/04/08,2020000000000000,58,38,10,9550,95500
12,2021/04/08,2020000000000000,39,41,50,9500,475000
13,2021/04/08,2020000000000000,39,37,40,9475,379000
14,2021/04/08,2020000000000000,4,8,12,9375,112500
15,2021/04/08,2020000000000000,4,18,10,9375,93750
16,2021/04/08,2020000000000000,58,18,10,9192,91920
17,2021/04/08,2020000000000000,43,18,10,9012,90120
18,2021/04/08,2020000000000000,14,14,10,8836,88360
1,2021/04/12,2020000000000000,45,22,10,9499,94990
2,2021/04/12,2020000000000000,53,37,20,9488,189760
3,2021/04/12,2020000000000000,4,36,50,9500,475000
4,2021/04/12,2020000000000000,4,36,100,9500,950000
5,2021/04/12,2020000000000000,4,26,10,9500,95000
6,2021/04/12,2020000000000000,4,19,20,9490,189800
7,2021/04/12,2020000000000000,4,10,10,9485,94850
8,2021/04/12,2020000000000000,4,22,10,9485,94850
9,2021/04/12,2020000000000000,45,38,10,9321,93210
10,2021/04/12,2020000000000000,4,38,10,9486,94860
11,2021/04/12,2020000000000000,4,56,100,9486,948600
12,2021/04/12,2020000000000000,4,51,10,9486,94860
1,2021/04/13,2020000000000000,4,22,10,9600,96000
2,2021/04/13,2020000000000000,4,43,10,9639,96390
3,2021/04/13,2020000000000000,4,42,10,9600,96000
4,2021/04/13,2020000000000000,4,14,20,9600,192000
5,2021/04/13,2020000000000000,4,8,12,9500,114000
6,2021/04/13,2020000000000000,4,34,45,9499,427455
7,2021/04/13,2020000000000000,46,38,10,9499,94990
8,2021/04/13,2020000000000000,14,41,30,9361,280830
9,2021/04/13,2020000000000000,4,38,20,9499,189980
10,2021/04/13,2020000000000000,4,45,10,9496,94960
11,2021/04/13,2020000000000000,4,18,10,9490,94900
12,2021/04/13,2020000000000000,4,7,20,9490,189800
13,2021/04/13,2020000000000000,4,58,10,9485,94850
14,2021/04/13,2020000000000000,4,16,20,9450,189000
15,2021/04/13,2020000000000000,14,10,10,9310,93100
16,2021/04/13,2020000000000000,22,10,10,9310,93100
17,2021/04/13,2020000000000000,8,14,20,9321,186420
1,2021/04/15,2020000000000000,6,43,22,9599,211178
2,2021/04/15,2020000000000000,6,43,10,9578,95780
3,2021/04/15,2020000000000000,14,28,40,9391,375640
4,2021/04/15,2020000000000000,22,28,20,9392,187840
5,2021/04/15,2020000000000000,14,18,10,9475,94750
6,2021/04/15,2020000000000000,8,43,20,9480,189600
7,2021/04/15,2020000000000000,4,43,30,9500,285000
8,2021/04/15,2020000000000000,4,34,50,9500,475000
9,2021/04/15,2020000000000000,4,7,50,9500,475000
10,2021/04/15,2020000000000000,38,43,20,9575,191500
11,2021/04/15,2020000000000000,38,28,40,9575,383000
12,2021/04/15,2020000000000000,38,5,10,9570,95700
13,2021/04/15,2020000000000000,38,11,10,9570,95700
14,2021/04/15,2020000000000000,8,28,10,9575,95750
15,2021/04/15,2020000000000000,8,38,10,9521,95210
16,2021/04/15,2020000000000000,14,38,20,9551,191020
17,2021/04/15,2020000000000000,38,38,20,9601,192020
18,2021/04/15,2020000000000000,8,34,10,9699,96990
19,2021/04/15,2020000000000000,8,59,10,9698,96980
20,2021/04/15,2020000000000000,14,36,40,9650,386000
1,2021/04/18,2020000000000000,1,51,10,9280,92800
2,2021/04/18,2020000000000000,14,16,35,9100,318500
3,2021/04/18,2020000000000000,14,16,15,9100,136500
4,2021/04/18,2020000000000000,34,16,10,9220,92200
5,2021/04/18,2020000000000000,51,16,20,9220,184400
6,2021/04/18,2020000000000000,22,16,10,9234,92340
7,2021/04/18,2020000000000000,55,16,10,9234,92340
8,2021/04/18,2020000000000000,49,16,35,9241,323435
9,2021/04/18,2020000000000000,49,16,15,9241,138615
10,2021/04/18,2020000000000000,22,16,30,9242,277260
11,2021/04/18,2020000000000000,14,16,15,9242,138630
12,2021/04/18,2020000000000000,8,16,20,9245,184900
13,2021/04/18,2020000000000000,21,16,10,9250,92500
14,2021/04/18,2020000000000000,55,16,10,9251,92510
15,2021/04/18,2020000000000000,45,28,20,9300,186000
16,2021/04/18,2020000000000000,45,58,10,9290,92900
17,2021/04/18,2020000000000000,58,7,10,9251,92510
18,2021/04/18,2020000000000000,8,33,10,9408,94080
19,2021/04/18,2020000000000000,14,28,20,9421,188420
1,2021/04/19,2020000000000000,26,41,10,9130,91300
2,2021/04/19,2020000000000000,28,28,10,9130,91300
3,2021/04/19,2020000000000000,13,8,30,9122,273660
4,2021/04/19,2020000000000000,26,5,20,9131,182620
5,2021/04/19,2020000000000000,1,5,10,9282,92820
6,2021/04/19,2020000000000000,17,55,10,9100,91000
7,2021/04/19,2020000000000000,42,58,10,9100,91000
8,2021/04/19,2020000000000000,43,58,20,9101,182020
9,2021/04/19,2020000000000000,51,58,10,9105,91050
10,2021/04/19,2020000000000000,3,58,10,9106,91060
1,2021/04/20,2020000000000000,13,7,10,9010,90100
2,2021/04/20,2020000000000000,7,7,10,9050,90500
3,2021/04/20,2020000000000000,14,16,40,9100,364000
4,2021/04/20,2020000000000000,42,16,10,9020,90200
5,2021/04/20,2020000000000000,43,28,30,9000,270000
6,2021/04/20,2020000000000000,3,28,10,9000,90000
7,2021/04/20,2020000000000000,1,28,10,9000,90000
8,2021/04/20,2020000000000000,22,16,10,9000,90000
9,2021/04/20,2020000000000000,54,16,50,9001,450050
10,2021/04/20,2020000000000000,13,16,30,9001,270030
11,2021/04/20,2020000000000000,40,16,10,9001,90010
12,2021/04/20,2020000000000000,13,16,30,9030,270900
13,2021/04/20,2020000000000000,39,16,10,9031,90310
14,2021/04/20,2020000000000000,43,16,10,9032,90320
15,2021/04/20,2020000000000000,43,58,10,9001,90010
16,2021/04/20,2020000000000000,14,58,10,9021,90210
17,2021/04/20,2020000000000000,55,21,10,9100,91000
18,2021/04/20,2020000000000000,51,16,10,9114,91140
19,2021/04/20,2020000000000000,13,16,50,9114,455700
20,2021/04/20,2020000000000000,42,34,10,9299,92990
21,2021/04/20,2020000000000000,26,16,15,9180,137700
22,2021/04/20,2020000000000000,42,16,10,9000,90000
23,2021/04/20,2020000000000000,55,16,10,9000,90000
24,2021/04/20,2020000000000000,44,16,10,9000,90000
25,2021/04/20,2020000000000000,58,16,10,9001,90010
1,2021/04/21,2020000000000000,52,8,20,8975,179500
2,2021/04/21,2020000000000000,45,22,10,8990,89900
3,2021/04/21,2020000000000000,51,22,10,8991,89910
4,2021/04/21,2020000000000000,42,46,10,8991,89910
5,2021/04/21,2020000000000000,35,16,30,9001,270030
6,2021/04/21,2020000000000000,39,16,10,9003,90030
1,2021/04/22,2020000000000000,49,52,10,9130,91300
2,2021/04/22,2020000000000000,17,8,17,9090,154530
3,2021/04/22,2020000000000000,42,8,10,9090,90900
4,2021/04/22,2020000000000000,43,8,10,9090,90900
5,2021/04/22,2020000000000000,39,1,10,8912,89120
1,2021/04/25,2020000000000000,53,16,30,8890,266700
2,2021/04/25,2020000000000000,42,16,10,8890,88900
3,2021/04/25,2020000000000000,3,8,10,8888,88880
4,2021/04/25,2020000000000000,16,8,10,8888,88880
5,2021/04/25,2020000000000000,42,34,10,8935,89350
6,2021/04/25,2020000000000000,8,16,40,8885,355400
7,2021/04/25,2020000000000000,8,1,10,8885,88850
8,2021/04/25,2020000000000000,54,38,10,8890,88900
9,2021/04/25,2020000000000000,51,28,10,9066,90660
10,2021/04/25,2020000000000000,39,28,10,9066,90660
11,2021/04/25,2020000000000000,40,28,10,9066,90660
12,2021/04/25,2020000000000000,6,28,10,9066,90660
13,2021/04/25,2020000000000000,14,58,45,9091,409095
14,2021/04/25,2020000000000000,34,22,10,9251,92510
15,2021/04/25,2020000000000000,6,43,10,9439,94390
16,2021/04/25,2020000000000000,6,43,20,9449,188980
17,2021/04/25,2020000000000000,6,3,10,9500,95000
18,2021/04/25,2020000000000000,6,49,10,9500,95000
19,2021/04/25,2020000000000000,6,45,10,9400,94000
20,2021/04/25,2020000000000000,6,39,10,9395,93950
21,2021/04/25,2020000000000000,6,45,10,9586,95860
22,2021/04/25,2020000000000000,6,39,10,9586,95860
1,2021/04/26,2020000000000000,14,8,13,8788,114244
2,2021/04/26,2020000000000000,14,8,10,8788,87880
3,2021/04/26,2020000000000000,1,8,10,8886,88860
4,2021/04/26,2020000000000000,1,36,10,8886,88860
5,2021/04/26,2020000000000000,1,14,15,8886,133290
6,2021/04/26,2020000000000000,1,46,10,8886,88860
7,2021/04/26,2020000000000000,19,46,10,8890,88900
8,2021/04/26,2020000000000000,32,50,10,8989,89890
9,2021/04/26,2020000000000000,45,14,10,8886,88860
10,2021/04/26,2020000000000000,53,14,20,8886,177720
11,2021/04/26,2020000000000000,55,50,10,8890,88900
12,2021/04/26,2020000000000000,29,8,40,8900,356000
13,2021/04/26,2020000000000000,29,8,10,8900,89000
14,2021/04/26,2020000000000000,22,44,10,8966,89660
15,2021/04/26,2020000000000000,28,59,10,9110,91100
16,2021/04/26,2020000000000000,45,4,10,8966,89660
17,2021/04/26,2020000000000000,28,4,10,9000,90000
18,2021/04/26,2020000000000000,14,8,30,9000,270000
19,2021/04/26,2020000000000000,6,43,10,9148,91480
20,2021/04/26,2020000000000000,13,47,10,9010,90100
21,2021/04/26,2020000000000000,11,1,10,9067,90670
22,2021/04/26,2020000000000000,14,38,10,9067,90670
23,2021/04/26,2020000000000000,14,49,19,9067,172273
24,2021/04/26,2020000000000000,14,59,20,9066,181320
1,2021/04/28,2020000000000000,28,49,10,9215,92150
2,2021/04/28,2020000000000000,58,49,10,9220,92200
3,2021/04/28,2020000000000000,41,49,10,9208,92080
4,2021/04/28,2020000000000000,41,49,10,9209,92090
5,2021/04/28,2020000000000000,41,49,10,9210,92100
6,2021/04/28,2020000000000000,41,49,10,9211,92110
7,2021/04/28,2020000000000000,34,49,10,9310,93100
8,2021/04/28,2020000000000000,13,34,10,9500,95000
9,2021/04/28,2020000000000000,19,51,10,9508,95080
10,2021/04/28,2020000000000000,49,42,10,9665,96650
11,2021/04/28,2020000000000000,49,54,10,9664,96640
12,2021/04/28,2020000000000000,49,43,10,9663,96630
13,2021/04/28,2020000000000000,49,55,10,9650,96500
14,2021/04/28,2020000000000000,49,49,10,9509,95090
15,2021/04/28,2020000000000000,19,39,10,9509,95090
16,2021/04/28,2020000000000000,53,45,10,9324,93240
17,2021/04/28,2020000000000000,53,49,10,9324,93240
18,2021/04/28,2020000000000000,14,42,10,9323,93230
19,2021/04/28,2020000000000000,57,49,10,9142,91420
20,2021/04/28,2020000000000000,39,22,10,8963,89630
1,2021/04/29,2020000000000000,21,29,10,9200,92000
2,2021/04/29,2020000000000000,14,58,10,9120,91200
3,2021/04/29,2020000000000000,55,4,10,9115,91150
4,2021/04/29,2020000000000000,53,47,17,9101,154717
5,2021/04/29,2020000000000000,36,35,20,9250,185000
6,2021/04/29,2020000000000000,58,42,10,9390,93900
7,2021/04/29,2020000000000000,58,14,10,9390,93900
1,2021/05/02,2020000000000000,51,38,10,9210,92100
2,2021/05/02,2020000000000000,19,57,10,9205,92050
1,2021/05/03,2020000000000000,36,33,10,9220,92200
2,2021/05/03,2020000000000000,36,34,10,9220,92200
3,2021/05/03,2020000000000000,29,34,10,9220,92200
4,2021/05/03,2020000000000000,34,38,10,9393,93930
5,2021/05/03,2020000000000000,34,38,10,9393,93930
1,2021/05/04,2020000000000000,53,21,13,9131,118703
2,2021/05/04,2020000000000000,42,55,10,9140,91400
3,2021/05/04,2020000000000000,28,4,10,9125,91250
4,2021/05/04,2020000000000000,51,35,20,9112,182240
5,2021/05/04,2020000000000000,55,55,10,9115,91150
1,2021/05/05,2020000000000000,14,8,50,9200,460000
2,2021/05/05,2020000000000000,55,37,10,9200,92000
3,2021/05/05,2020000000000000,39,46,10,9179,91790
4,2021/05/05,2020000000000000,55,7,10,9175,91750
1,2021/05/06,2020000000000000,14,55,10,9200,92000
2,2021/05/06,2020000000000000,14,16,30,9215,276450
3,2021/05/06,2020000000000000,14,38,10,9200,92000
4,2021/05/06,2020000000000000,14,38,10,9200,92000
5,2021/05/06,2020000000000000,14,38,10,9199,91990
6,2021/05/06,2020000000000000,14,38,10,9100,91000
7,2021/05/06,2020000000000000,55,48,10,9100,91000
8,2021/05/06,2020000000000000,13,48,10,9113,91130
9,2021/05/06,2020000000000000,57,48,10,9120,91200
10,2021/05/06,2020000000000000,14,14,23,9111,209553
11,2021/05/06,2020000000000000,14,34,20,9111,182220
12,2021/05/06,2020000000000000,14,40,10,9111,91110
13,2021/05/06,2020000000000000,14,7,35,9111,318885
14,2021/05/06,2020000000000000,17,7,15,9112,136680
15,2021/05/06,2020000000000000,14,14,50,9111,455550
1,2021/05/09,2020000000000000,58,33,10,9021,90210
1,2021/05/10,2020000000000000,34,29,20,9150,183000
2,2021/05/10,2020000000000000,34,42,10,9149,91490
3,2021/05/10,2020000000000000,34,29,10,9100,91000
4,2021/05/10,2020000000000000,21,29,10,9100,91000
5,2021/05/10,2020000000000000,55,17,10,9050,90500
6,2021/05/10,2020000000000000,8,17,20,9050,181000
7,2021/05/10,2020000000000000,42,55,10,9010,90100
1,2021/05/11,2020000000000000,41,53,10,10065,100650
2,2021/05/11,2020000000000000,41,57,10,10065,100650
3,2021/05/11,2020000000000000,41,17,10,10065,100650
4,2021/05/11,2020000000000000,41,3,10,10065,100650
5,2021/05/11,2020000000000000,41,17,10,10065,100650
6,2021/05/11,2020000000000000,41,28,10,10065,100650
7,2021/05/11,2020000000000000,41,46,10,10065,100650
8,2021/05/11,2020000000000000,41,42,20,10065,201300
9,2021/05/11,2020000000000000,41,51,10,10065,100650
10,2021/05/11,2020000000000000,41,17,10,10065,100650
11,2021/05/11,2020000000000000,41,55,10,10065,100650
12,2021/05/11,2020000000000000,41,33,10,10065,100650
13,2021/05/11,2020000000000000,49,39,10,10065,100650
14,2021/05/11,2020000000000000,35,26,10,10065,100650
15,2021/05/11,2020000000000000,57,26,10,10065,100650
16,2021/05/11,2020000000000000,21,53,10,10065,100650
17,2021/05/11,2020000000000000,49,21,10,10065,100650
18,2021/05/11,2020000000000000,49,42,30,10065,301950
19,2021/05/11,2020000000000000,14,16,10,10065,100650
20,2021/05/11,2020000000000000,14,55,10,10050,100500
21,2021/05/11,2020000000000000,51,19,10,10065,100650
22,2021/05/11,2020000000000000,51,54,10,10065,100650
23,2021/05/11,2020000000000000,51,55,20,10065,201300
24,2021/05/11,2020000000000000,51,58,10,10065,100650
25,2021/05/11,2020000000000000,51,51,10,10065,100650
26,2021/05/11,2020000000000000,51,54,40,10065,402600
27,2021/05/11,2020000000000000,51,17,10,10065,100650
28,2021/05/11,2020000000000000,51,57,35,10060,352100
29,2021/05/11,2020000000000000,51,28,10,10060,100600
30,2021/05/11,2020000000000000,51,25,30,10000,300000
31,2021/05/11,2020000000000000,51,14,20,10000,200000
32,2021/05/11,2020000000000000,51,35,10,10000,100000
33,2021/05/11,2020000000000000,21,43,30,9990,299700
34,2021/05/11,2020000000000000,49,13,150,9903,1485450
35,2021/05/11,2020000000000000,49,28,10,9903,99030
36,2021/05/11,2020000000000000,49,51,10,9894,98940
37,2021/05/11,2020000000000000,49,28,10,9894,98940
38,2021/05/11,2020000000000000,49,22,30,9870,296100
39,2021/05/11,2020000000000000,49,34,10,9853,98530
40,2021/05/11,2020000000000000,49,7,25,9853,246325
41,2021/05/11,2020000000000000,49,26,10,9853,98530
42,2021/05/11,2020000000000000,49,52,20,9853,197060
43,2021/05/11,2020000000000000,45,17,15,9850,147750
44,2021/05/11,2020000000000000,45,16,10,9850,98500
45,2021/05/11,2020000000000000,45,42,10,9850,98500
46,2021/05/11,2020000000000000,45,28,10,9845,98450
47,2021/05/11,2020000000000000,45,34,20,9840,196800
48,2021/05/11,2020000000000000,45,55,10,9800,98000
49,2021/05/11,2020000000000000,45,14,10,9800,98000
50,2021/05/11,2020000000000000,33,58,20,9799,195980
51,2021/05/11,2020000000000000,33,44,10,9799,97990
52,2021/05/11,2020000000000000,49,55,30,9700,291000
53,2021/05/11,2020000000000000,49,55,10,9765,97650
54,2021/05/11,2020000000000000,49,58,10,9800,98000
55,2021/05/11,2020000000000000,49,51,10,9800,98000
56,2021/05/11,2020000000000000,49,55,30,9800,294000
57,2021/05/11,2020000000000000,19,6,10,9770,97700
58,2021/05/11,2020000000000000,19,28,10,9765,97650
59,2021/05/11,2020000000000000,49,38,20,9690,193800
60,2021/05/11,2020000000000000,49,17,10,9690,96900
61,2021/05/11,2020000000000000,49,32,10,9687,96870
62,2021/05/11,2020000000000000,49,34,10,9687,96870
63,2021/05/11,2020000000000000,49,7,15,9660,144900
64,2021/05/11,2020000000000000,49,49,20,9660,193200
65,2021/05/11,2020000000000000,49,1,10,9659,96590
66,2021/05/11,2020000000000000,49,53,20,9650,193000
67,2021/05/11,2020000000000000,51,25,10,9600,96000
68,2021/05/11,2020000000000000,51,45,10,9600,96000
69,2021/05/11,2020000000000000,51,57,17,9580,162860
70,2021/05/11,2020000000000000,49,26,10,9581,95810
71,2021/05/11,2020000000000000,49,26,10,9581,95810
72,2021/05/11,2020000000000000,8,52,10,9546,95460
73,2021/05/11,2020000000000000,19,56,20,9470,189400
74,2021/05/11,2020000000000000,32,22,10,9500,95000
75,2021/05/11,2020000000000000,51,57,10,9471,94710
76,2021/05/11,2020000000000000,51,45,20,9501,190020
77,2021/05/11,2020000000000000,48,21,10,9660,96600
78,2021/05/11,2020000000000000,19,52,25,9550,238750
79,2021/05/11,2020000000000000,19,58,10,9500,95000
80,2021/05/11,2020000000000000,51,49,25,9405,235125
81,2021/05/11,2020000000000000,19,58,10,9475,94750
82,2021/05/11,2020000000000000,51,59,10,9404,94040
83,2021/05/11,2020000000000000,49,37,10,9401,94010
84,2021/05/11,2020000000000000,19,37,10,9404,94040
85,2021/05/11,2020000000000000,51,58,10,9450,94500
86,2021/05/11,2020000000000000,51,45,10,9400,94000
87,2021/05/11,2020000000000000,39,45,10,9400,94000
88,2021/05/11,2020000000000000,19,21,10,9405,94050
89,2021/05/11,2020000000000000,8,5,10,9450,94500
90,2021/05/11,2020000000000000,49,39,10,9498,94980
91,2021/05/11,2020000000000000,19,39,10,9691,96910
92,2021/05/11,2020000000000000,19,11,10,9691,96910
93,2021/05/11,2020000000000000,38,38,10,9888,98880
94,2021/05/11,2020000000000000,38,47,10,9800,98000
95,2021/05/11,2020000000000000,38,33,10,9900,99000
96,2021/05/11,2020000000000000,38,48,10,9900,99000
97,2021/05/11,2020000000000000,38,45,10,9891,98910
98,2021/05/11,2020000000000000,38,16,15,9709,145635
99,2021/05/11,2020000000000000,49,38,10,9900,99000
100,2021/05/11,2020000000000000,49,22,10,9710,97100
101,2021/05/11,2020000000000000,56,14,10,9710,97100
102,2021/05/11,2020000000000000,56,17,20,9709,194180
103,2021/05/11,2020000000000000,10,11,10,9520,95200
104,2021/05/11,2020000000000000,59,11,10,9520,95200
105,2021/05/11,2020000000000000,45,11,10,9520,95200
106,2021/05/11,2020000000000000,33,48,10,9709,97090
107,2021/05/11,2020000000000000,49,28,10,9519,95190
108,2021/05/11,2020000000000000,14,48,10,9333,93330
1,2021/05/12,2020000000000000,33,13,10,11071,110710
2,2021/05/12,2020000000000000,33,37,200,11071,2214200
3,2021/05/12,2020000000000000,33,46,10,11071,110710
4,2021/05/12,2020000000000000,33,34,50,11071,553550
5,2021/05/12,2020000000000000,33,37,30,11071,332130
6,2021/05/12,2020000000000000,33,43,10,11071,110710
7,2021/05/12,2020000000000000,33,55,10,11071,110710
8,2021/05/12,2020000000000000,59,34,5,11071,55355
9,2021/05/12,2020000000000000,59,14,8,11071,88568
10,2021/05/12,2020000000000000,33,16,47,11071,520337
11,2021/05/12,2020000000000000,33,25,20,11071,221420
12,2021/05/12,2020000000000000,33,28,50,11071,553550
13,2021/05/12,2020000000000000,33,38,20,11071,221420
14,2021/05/12,2020000000000000,33,51,10,11071,110710
15,2021/05/12,2020000000000000,33,58,10,11071,110710
16,2021/05/12,2020000000000000,33,38,10,11071,110710
17,2021/05/12,2020000000000000,14,38,10,11071,110710
18,2021/05/12,2020000000000000,44,38,100,11071,1107100
19,2021/05/12,2020000000000000,59,38,50,11071,553550
20,2021/05/12,2020000000000000,36,38,20,11071,221420
21,2021/05/12,2020000000000000,8,38,30,11071,332130
22,2021/05/12,2020000000000000,43,38,20,11071,221420
23,2021/05/12,2020000000000000,41,43,10,11071,110710
24,2021/05/12,2020000000000000,16,17,10,11071,110710
25,2021/05/12,2020000000000000,16,17,10,11071,110710
26,2021/05/12,2020000000000000,43,49,20,11071,221420
27,2021/05/12,2020000000000000,41,49,10,11071,110710
28,2021/05/12,2020000000000000,21,49,20,11071,221420
29,2021/05/12,2020000000000000,56,14,10,11071,110710
30,2021/05/12,2020000000000000,21,28,10,11071,110710
31,2021/05/12,2020000000000000,41,52,5,11071,55355
32,2021/05/12,2020000000000000,36,52,35,11071,387485
33,2021/05/12,2020000000000000,36,20,10,11071,110710
34,2021/05/12,2020000000000000,51,20,10,11071,110710
35,2021/05/12,2020000000000000,56,20,10,11071,110710
36,2021/05/12,2020000000000000,52,16,10,11071,110710
37,2021/05/12,2020000000000000,41,37,10,11071,110710
38,2021/05/12,2020000000000000,41,59,10,11071,110710
39,2021/05/12,2020000000000000,41,26,15,11071,166065
40,2021/05/12,2020000000000000,41,1,30,11071,332130
41,2021/05/12,2020000000000000,59,39,30,10994,329820
42,2021/05/12,2020000000000000,39,39,10,10994,109940
43,2021/05/12,2020000000000000,43,39,20,10994,219880
44,2021/05/12,2020000000000000,8,26,10,10779,107790
45,2021/05/12,2020000000000000,20,56,30,10779,323370
46,2021/05/12,2020000000000000,21,40,10,10568,105680
47,2021/05/12,2020000000000000,57,14,10,10568,105680
48,2021/05/12,2020000000000000,39,26,10,10568,105680
1,2021/05/13,2020000000000000,34,13,10,11650,116500
2,2021/05/13,2020000000000000,47,25,10,11650,116500
3,2021/05/13,2020000000000000,6,1,20,11650,233000
4,2021/05/13,2020000000000000,47,37,20,11640,232800
5,2021/05/13,2020000000000000,6,1,10,11650,116500
6,2021/05/13,2020000000000000,6,21,10,11640,116400
7,2021/05/13,2020000000000000,3,1,20,11567,231340
8,2021/05/13,2020000000000000,47,1,10,11640,116400
9,2021/05/13,2020000000000000,47,21,10,11640,116400
10,2021/05/13,2020000000000000,6,55,10,11640,116400
11,2021/05/13,2020000000000000,3,21,10,11566,115660
12,2021/05/13,2020000000000000,3,58,20,11601,232020
13,2021/05/13,2020000000000000,3,58,20,11603,232060
14,2021/05/13,2020000000000000,36,58,20,11605,232100
15,2021/05/13,2020000000000000,3,58,20,11606,232120
16,2021/05/13,2020000000000000,51,20,20,11800,236000
17,2021/05/13,2020000000000000,47,21,10,11800,118000
18,2021/05/13,2020000000000000,47,1,53,11790,624870
19,2021/05/13,2020000000000000,47,58,10,11781,117810
20,2021/05/13,2020000000000000,47,11,10,11780,117800
21,2021/05/13,2020000000000000,47,1,10,11770,117700
22,2021/05/13,2020000000000000,47,49,10,11770,117700
23,2021/05/13,2020000000000000,49,38,10,11675,116750
24,2021/05/13,2020000000000000,49,53,15,11675,175125
25,2021/05/13,2020000000000000,58,40,10,11680,116800
26,2021/05/13,2020000000000000,58,38,10,11680,116800
27,2021/05/13,2020000000000000,50,35,10,11650,116500
28,2021/05/13,2020000000000000,50,45,10,11650,116500
29,2021/05/13,2020000000000000,6,28,10,11500,115000
30,2021/05/13,2020000000000000,49,14,15,11470,172050
31,2021/05/13,2020000000000000,53,14,15,11475,172125
32,2021/05/13,2020000000000000,25,13,10,11480,114800
33,2021/05/13,2020000000000000,49,17,10,11470,114700
34,2021/05/13,2020000000000000,19,52,10,11500,115000
35,2021/05/13,2020000000000000,49,3,30,11470,344100
36,2021/05/13,2020000000000000,19,45,20,11550,231000
37,2021/05/13,2020000000000000,19,41,10,11600,116000
38,2021/05/13,2020000000000000,37,14,10,11505,115050
39,2021/05/13,2020000000000000,19,21,10,11600,116000
40,2021/05/13,2020000000000000,50,21,10,11800,118000
41,2021/05/13,2020000000000000,39,20,20,11900,238000
42,2021/05/13,2020000000000000,39,5,20,11900,238000
43,2021/05/13,2020000000000000,39,53,10,11900,119000
44,2021/05/13,2020000000000000,50,32,10,11700,117000
45,2021/05/13,2020000000000000,49,42,20,11500,230000
46,2021/05/13,2020000000000000,41,42,10,11502,115020
47,2021/05/13,2020000000000000,14,42,10,11623,116230
48,2021/05/13,2020000000000000,26,42,10,11623,116230
49,2021/05/13,2020000000000000,19,42,10,11625,116250
50,2021/05/13,2020000000000000,28,42,10,11627,116270
51,2021/05/13,2020000000000000,59,42,20,11700,234000
52,2021/05/13,2020000000000000,33,42,10,11700,117000
53,2021/05/13,2020000000000000,49,38,100,11860,1186000
54,2021/05/13,2020000000000000,49,1,10,11860,118600
55,2021/05/13,2020000000000000,49,17,50,11800,590000
56,2021/05/13,2020000000000000,49,35,40,11800,472000
57,2021/05/13,2020000000000000,34,21,50,11600,580000
58,2021/05/13,2020000000000000,19,35,10,11800,118000
59,2021/05/13,2020000000000000,19,35,40,11628,465120
60,2021/05/13,2020000000000000,34,1,10,11402,114020
61,2021/05/13,2020000000000000,50,21,40,11400,456000
62,2021/05/13,2020000000000000,6,21,10,11400,114000
63,2021/05/13,2020000000000000,49,46,20,11235,224700
64,2021/05/13,2020000000000000,41,46,10,11333,113330
65,2021/05/13,2020000000000000,51,46,10,11333,113330
66,2021/05/13,2020000000000000,49,46,10,11565,115650
67,2021/05/13,2020000000000000,50,55,30,11832,354960
68,2021/05/13,2020000000000000,45,41,10,12000,120000
69,2021/05/13,2020000000000000,45,13,10,11832,118320
70,2021/05/13,2020000000000000,36,57,10,11600,116000
71,2021/05/13,2020000000000000,6,35,10,11600,116000
72,2021/05/13,2020000000000000,6,21,10,11600,116000
73,2021/05/13,2020000000000000,32,21,10,11564,115640
74,2021/05/13,2020000000000000,6,7,10,11662,116620
75,2021/05/13,2020000000000000,49,4,65,11464,745160
76,2021/05/13,2020000000000000,50,4,20,11624,232480
77,2021/05/13,2020000000000000,25,4,10,11624,116240
78,2021/05/13,2020000000000000,40,21,20,11800,236000
79,2021/05/13,2020000000000000,49,4,15,11900,178500
80,2021/05/13,2020000000000000,49,44,35,11900,416500
81,2021/05/13,2020000000000000,52,7,10,11917,119170
82,2021/05/13,2020000000000000,45,56,10,12000,120000
83,2021/05/13,2020000000000000,49,55,10,12130,121300
84,2021/05/13,2020000000000000,25,21,10,12160,121600
85,2021/05/13,2020000000000000,28,56,10,12130,121300
86,2021/05/13,2020000000000000,51,56,10,12178,121780
87,2021/05/13,2020000000000000,43,56,10,12178,121780
88,2021/05/13,2020000000000000,43,56,10,12178,121780
89,2021/05/13,2020000000000000,50,17,20,12178,243560
90,2021/05/13,2020000000000000,50,25,10,12178,121780
91,2021/05/13,2020000000000000,50,19,30,12178,365340
92,2021/05/13,2020000000000000,50,49,30,12178,365340
93,2021/05/13,2020000000000000,50,50,10,12178,121780
94,2021/05/13,2020000000000000,50,45,10,12178,121780
95,2021/05/13,2020000000000000,50,42,10,12178,121780
96,2021/05/13,2020000000000000,50,53,10,12178,121780
97,2021/05/13,2020000000000000,50,6,20,12175,243500
98,2021/05/13,2020000000000000,50,17,50,12170,608500
99,2021/05/13,2020000000000000,50,57,10,12170,121700
100,2021/05/13,2020000000000000,28,21,20,12130,242600
101,2021/05/13,2020000000000000,17,57,10,12170,121700
102,2021/05/13,2020000000000000,28,53,20,12178,243560
103,2021/05/13,2020000000000000,28,18,10,12177,121770
104,2021/05/13,2020000000000000,34,57,10,12130,121300
105,2021/05/13,2020000000000000,46,6,10,12130,121300
106,2021/05/13,2020000000000000,50,53,50,12178,608900
107,2021/05/13,2020000000000000,50,17,10,12178,121780
108,2021/05/13,2020000000000000,50,43,10,12178,121780
109,2021/05/13,2020000000000000,50,59,10,12178,121780
110,2021/05/13,2020000000000000,50,33,40,12178,487120
111,2021/05/13,2020000000000000,50,57,55,12178,669790
112,2021/05/13,2020000000000000,50,49,10,12138,121380
113,2021/05/13,2020000000000000,50,14,10,12138,121380
114,2021/05/13,2020000000000000,50,44,10,12137,121370
115,2021/05/13,2020000000000000,50,17,50,12129,606450
116,2021/05/13,2020000000000000,46,13,10,12130,121300
117,2021/05/13,2020000000000000,50,57,10,12107,121070
118,2021/05/13,2020000000000000,50,59,10,12107,121070
119,2021/05/13,2020000000000000,50,37,100,12107,1210700
120,2021/05/13,2020000000000000,50,21,10,12100,121000
121,2021/05/13,2020000000000000,50,36,10,12000,120000
122,2021/05/13,2020000000000000,50,33,10,11900,119000
123,2021/05/13,2020000000000000,50,6,10,11900,119000
124,2021/05/13,2020000000000000,50,43,10,11899,118990
125,2021/05/13,2020000000000000,50,17,10,11899,118990
126,2021/05/13,2020000000000000,34,17,10,11899,118990
127,2021/05/13,2020000000000000,45,29,10,11700,117000
128,2021/05/13,2020000000000000,52,36,10,11900,119000
129,2021/05/13,2020000000000000,52,18,10,11900,119000
130,2021/05/13,2020000000000000,6,17,10,11697,116970
131,2021/05/13,2020000000000000,49,17,10,11697,116970
132,2021/05/13,2020000000000000,41,22,10,11900,119000
133,2021/05/13,2020000000000000,41,25,10,11697,116970
134,2021/05/13,2020000000000000,51,17,10,11935,119350
135,2021/05/13,2020000000000000,44,39,40,12178,487120
136,2021/05/13,2020000000000000,44,25,40,12177,487080
137,2021/05/13,2020000000000000,36,39,20,12178,243560
138,2021/05/13,2020000000000000,49,28,10,12093,120930
139,2021/05/13,2020000000000000,49,25,10,12093,120930
140,2021/05/13,2020000000000000,5,39,10,12178,121780
141,2021/05/13,2020000000000000,45,39,10,12178,121780
142,2021/05/13,2020000000000000,45,3,20,12178,243560
143,2021/05/13,2020000000000000,45,39,10,12178,121780
144,2021/05/13,2020000000000000,49,33,20,12178,243560
145,2021/05/13,2020000000000000,49,41,10,12178,121780
146,2021/05/13,2020000000000000,49,17,10,12178,121780
147,2021/05/13,2020000000000000,49,16,40,12178,487120
148,2021/05/13,2020000000000000,49,42,10,12178,121780
149,2021/05/13,2020000000000000,49,16,35,12178,426230
150,2021/05/13,2020000000000000,49,44,10,12178,121780
151,2021/05/13,2020000000000000,49,37,40,12178,487120
152,2021/05/13,2020000000000000,49,3,10,12178,121780
153,2021/05/13,2020000000000000,49,28,50,12178,608900
154,2021/05/13,2020000000000000,49,59,10,12178,121780
155,2021/05/13,2020000000000000,49,21,60,12178,730680
156,2021/05/13,2020000000000000,49,7,10,12178,121780
157,2021/05/13,2020000000000000,49,57,50,12178,608900
158,2021/05/13,2020000000000000,49,53,20,12178,243560
159,2021/05/13,2020000000000000,49,41,95,12178,1156910
160,2021/05/13,2020000000000000,49,35,20,12100,242000
161,2021/05/13,2020000000000000,49,22,10,12093,120930
162,2021/05/13,2020000000000000,22,41,160,12178,1948480
163,2021/05/13,2020000000000000,22,51,10,12178,121780
164,2021/05/13,2020000000000000,22,7,20,12093,241860
165,2021/05/13,2020000000000000,22,55,10,12093,120930
166,2021/05/13,2020000000000000,22,56,10,12093,120930
167,2021/05/13,2020000000000000,22,16,50,12092,604600
168,2021/05/13,2020000000000000,22,8,20,12092,241840
169,2021/05/13,2020000000000000,22,25,10,12090,120900
170,2021/05/13,2020000000000000,22,45,10,12000,120000
171,2021/05/13,2020000000000000,37,53,10,12093,120930
172,2021/05/13,2020000000000000,59,55,10,11856,118560
173,2021/05/13,2020000000000000,55,40,10,11624,116240
174,2021/05/13,2020000000000000,45,14,10,11624,116240
1,2021/05/16,2020000000000000,45,55,10,11375,113750
2,2021/05/16,2020000000000000,47,51,10,11500,115000
3,2021/05/16,2020000000000000,47,32,20,11500,230000
4,2021/05/16,2020000000000000,47,40,10,11500,115000
5,2021/05/16,2020000000000000,47,14,10,11500,115000
6,2021/05/16,2020000000000000,47,51,10,11499,114990
7,2021/05/16,2020000000000000,50,42,10,11400,114000
8,2021/05/16,2020000000000000,50,16,10,11450,114500
9,2021/05/16,2020000000000000,35,16,10,11450,114500
10,2021/05/16,2020000000000000,5,8,30,11500,345000
11,2021/05/16,2020000000000000,5,49,10,11500,115000
12,2021/05/16,2020000000000000,5,51,10,11500,115000
13,2021/05/16,2020000000000000,5,28,10,11500,115000
14,2021/05/16,2020000000000000,5,35,10,11450,114500
15,2021/05/16,2020000000000000,50,43,20,11400,228000
16,2021/05/16,2020000000000000,16,14,60,11356,681360
17,2021/05/16,2020000000000000,42,14,25,11360,284000
18,2021/05/16,2020000000000000,19,14,25,11375,284375
19,2021/05/16,2020000000000000,19,14,10,11400,114000
20,2021/05/16,2020000000000000,51,49,10,11489,114890
21,2021/05/16,2020000000000000,50,13,10,11400,114000
22,2021/05/16,2020000000000000,50,33,10,11300,113000
23,2021/05/16,2020000000000000,50,33,20,11300,226000
24,2021/05/16,2020000000000000,50,44,14,11300,158200
25,2021/05/16,2020000000000000,50,59,10,11299,112990
26,2021/05/16,2020000000000000,47,56,10,11210,112100
27,2021/05/16,2020000000000000,19,56,10,11212,112120
28,2021/05/16,2020000000000000,47,56,10,11280,112800
29,2021/05/16,2020000000000000,47,40,10,11280,112800
30,2021/05/16,2020000000000000,34,40,10,11281,112810
31,2021/05/16,2020000000000000,47,49,20,11285,225700
32,2021/05/16,2020000000000000,57,10,10,11285,112850
33,2021/05/16,2020000000000000,37,28,14,11300,158200
34,2021/05/16,2020000000000000,19,28,10,11300,113000
35,2021/05/16,2020000000000000,47,52,10,11400,114000
36,2021/05/16,2020000000000000,34,13,10,11400,114000
37,2021/05/16,2020000000000000,34,58,10,11399,113990
38,2021/05/16,2020000000000000,19,14,10,11301,113010
39,2021/05/16,2020000000000000,49,14,20,11310,226200
40,2021/05/16,2020000000000000,19,14,10,11311,113110
41,2021/05/16,2020000000000000,47,14,20,11315,226300
42,2021/05/16,2020000000000000,19,14,10,11320,113200
43,2021/05/16,2020000000000000,42,14,10,11500,115000
44,2021/05/16,2020000000000000,50,49,10,11495,114950
45,2021/05/16,2020000000000000,51,39,10,11400,114000
46,2021/05/16,2020000000000000,19,43,10,11270,112700
47,2021/05/16,2020000000000000,20,55,10,11150,111500
48,2021/05/16,2020000000000000,19,58,10,11270,112700
49,2021/05/16,2020000000000000,51,57,10,11500,115000
1,2021/05/17,2020000000000000,47,42,40,11271,450840
2,2021/05/17,2020000000000000,19,55,10,11271,112710
3,2021/05/17,2020000000000000,43,55,10,11272,112720
4,2021/05/17,2020000000000000,19,52,20,11350,227000
5,2021/05/17,2020000000000000,50,16,20,11300,226000
6,2021/05/17,2020000000000000,50,21,10,11300,113000
7,2021/05/17,2020000000000000,50,45,50,11300,565000
8,2021/05/17,2020000000000000,47,45,10,11299,112990
9,2021/05/17,2020000000000000,49,7,10,11251,112510
10,2021/05/17,2020000000000000,49,28,35,11201,392035
11,2021/05/17,2020000000000000,39,7,10,11300,113000
12,2021/05/17,2020000000000000,45,7,20,11300,226000
13,2021/05/17,2020000000000000,49,42,10,11302,113020
14,2021/05/17,2020000000000000,49,42,10,11302,113020
15,2021/05/17,2020000000000000,49,55,10,11302,113020
16,2021/05/17,2020000000000000,19,14,10,11305,113050
17,2021/05/17,2020000000000000,49,36,15,11302,169530
18,2021/05/17,2020000000000000,20,36,20,11303,226060
19,2021/05/17,2020000000000000,43,36,10,11302,113020
20,2021/05/17,2020000000000000,47,36,10,11400,114000
21,2021/05/17,2020000000000000,42,57,10,11390,113900
22,2021/05/17,2020000000000000,19,14,10,11200,112000
23,2021/05/17,2020000000000000,34,7,10,11170,111700
1,2021/05/18,2020000000000000,8,46,10,11230,112300
2,2021/05/18,2020000000000000,19,46,10,11250,112500
3,2021/05/18,2020000000000000,8,56,10,11420,114200
4,2021/05/18,2020000000000000,8,56,10,11420,114200
5,2021/05/18,2020000000000000,45,56,10,11410,114100
6,2021/05/18,2020000000000000,49,55,10,11350,113500
7,2021/05/18,2020000000000000,49,44,10,11350,113500
8,2021/05/18,2020000000000000,49,25,10,11330,113300
9,2021/05/18,2020000000000000,49,35,10,11320,113200
10,2021/05/18,2020000000000000,49,49,10,11310,113100
11,2021/05/18,2020000000000000,40,49,10,11310,113100
12,2021/05/18,2020000000000000,40,36,10,11310,113100
13,2021/05/18,2020000000000000,50,55,10,11300,113000
14,2021/05/18,2020000000000000,50,29,10,11300,113000
15,2021/05/18,2020000000000000,50,26,10,11300,113000
16,2021/05/18,2020000000000000,50,47,25,11295,282375
17,2021/05/18,2020000000000000,49,55,10,11200,112000
18,2021/05/18,2020000000000000,49,55,10,11200,112000
19,2021/05/18,2020000000000000,49,57,10,11200,112000
20,2021/05/18,2020000000000000,21,7,10,11170,111700
21,2021/05/18,2020000000000000,28,7,10,11170,111700
22,2021/05/18,2020000000000000,50,7,30,11170,335100
23,2021/05/18,2020000000000000,50,32,10,11170,111700
24,2021/05/18,2020000000000000,50,21,30,11170,335100
25,2021/05/18,2020000000000000,49,19,30,11270,338100
26,2021/05/18,2020000000000000,19,29,20,11300,226000
27,2021/05/18,2020000000000000,28,43,10,11280,112800
28,2021/05/18,2020000000000000,49,46,50,11270,563500
29,2021/05/18,2020000000000000,49,41,10,11267,112670
30,2021/05/18,2020000000000000,49,49,10,11265,112650
31,2021/05/18,2020000000000000,49,21,10,11250,112500
32,2021/05/18,2020000000000000,49,59,20,11250,225000
33,2021/05/18,2020000000000000,49,59,20,11240,224800
34,2021/05/18,2020000000000000,49,59,10,11230,112300
35,2021/05/18,2020000000000000,28,21,30,11200,336000
36,2021/05/18,2020000000000000,49,58,10,11229,112290
37,2021/05/18,2020000000000000,41,34,10,11200,112000
38,2021/05/18,2020000000000000,17,34,10,11200,112000
39,2021/05/18,2020000000000000,50,14,30,11170,335100
40,2021/05/18,2020000000000000,20,14,10,11160,111600
41,2021/05/18,2020000000000000,50,14,10,11160,111600
42,2021/05/18,2020000000000000,34,14,10,11160,111600
43,2021/05/18,2020000000000000,42,42,10,11161,111610
44,2021/05/18,2020000000000000,34,39,10,11150,111500
45,2021/05/18,2020000000000000,55,33,10,11270,112700
1,2021/05/19,2020000000000000,49,8,10,10800,108000
2,2021/05/19,2020000000000000,49,14,100,10801,1080100
3,2021/05/19,2020000000000000,42,14,10,10802,108020
4,2021/05/19,2020000000000000,3,14,10,10810,108100
5,2021/05/19,2020000000000000,42,14,10,10810,108100
6,2021/05/19,2020000000000000,49,1,20,10900,218000
7,2021/05/19,2020000000000000,49,57,20,10890,217800
8,2021/05/19,2020000000000000,28,14,45,10900,490500
9,2021/05/19,2020000000000000,28,14,45,10900,490500
10,2021/05/19,2020000000000000,49,14,10,10915,109150
11,2021/05/19,2020000000000000,45,14,10,10966,109660
12,2021/05/19,2020000000000000,40,20,20,11189,223780
13,2021/05/19,2020000000000000,40,6,10,11016,110160
14,2021/05/19,2020000000000000,41,56,10,11016,110160
15,2021/05/19,2020000000000000,45,22,10,10810,108100
16,2021/05/19,2020000000000000,45,22,10,10815,108150
17,2021/05/19,2020000000000000,49,28,20,10800,216000
18,2021/05/19,2020000000000000,16,28,10,10801,108010
19,2021/05/19,2020000000000000,49,14,110,11005,1210550
20,2021/05/19,2020000000000000,49,28,20,11005,220100
21,2021/05/19,2020000000000000,49,21,20,11005,220100
22,2021/05/19,2020000000000000,49,17,10,11004,110040
23,2021/05/19,2020000000000000,42,56,10,10790,107900
24,2021/05/19,2020000000000000,45,28,10,10790,107900
25,2021/05/19,2020000000000000,34,17,10,10788,107880
26,2021/05/19,2020000000000000,17,28,10,10790,107900
27,2021/05/19,2020000000000000,55,28,10,10790,107900
28,2021/05/19,2020000000000000,42,28,10,10790,107900
29,2021/05/19,2020000000000000,34,19,10,10788,107880
30,2021/05/19,2020000000000000,34,14,10,11006,110060
31,2021/05/19,2020000000000000,7,14,10,11006,110060
32,2021/05/19,2020000000000000,45,14,10,11006,110060
33,2021/05/19,2020000000000000,42,14,20,11007,220140
34,2021/05/19,2020000000000000,34,14,10,11008,110080
35,2021/05/19,2020000000000000,55,14,10,11010,110100
36,2021/05/19,2020000000000000,8,14,10,11020,110200
37,2021/05/19,2020000000000000,34,14,10,11021,110210
1,2021/05/20,2020000000000000,38,8,10,10710,107100
2,2021/05/20,2020000000000000,28,28,1,10850,10850
3,2021/05/20,2020000000000000,45,14,10,10707,107070
4,2021/05/20,2020000000000000,21,19,10,10900,109000
5,2021/05/20,2020000000000000,14,59,20,10900,218000
6,2021/05/20,2020000000000000,47,41,10,11016,110160
7,2021/05/20,2020000000000000,47,49,10,11015,110150
8,2021/05/20,2020000000000000,52,45,10,11000,110000
1,2021/05/23,2020000000000000,53,41,20,11140,222800
2,2021/05/23,2020000000000000,53,33,10,11000,110000
3,2021/05/23,2020000000000000,44,8,10,11190,111900
4,2021/05/23,2020000000000000,4,56,70,11120,778400
5,2021/05/23,2020000000000000,42,56,30,11250,337500
6,2021/05/23,2020000000000000,44,56,20,11250,225000
7,2021/05/23,2020000000000000,7,56,10,11250,112500
8,2021/05/23,2020000000000000,22,56,40,11250,450000
9,2021/05/23,2020000000000000,22,55,10,11250,112500
10,2021/05/23,2020000000000000,59,55,10,11118,111180
11,2021/05/23,2020000000000000,59,20,30,11118,333540
12,2021/05/23,2020000000000000,59,51,10,11107,111070
13,2021/05/23,2020000000000000,59,49,10,11107,111070
14,2021/05/23,2020000000000000,59,56,50,11089,554450
15,2021/05/23,2020000000000000,59,51,10,11088,110880
16,2021/05/23,2020000000000000,14,49,10,11080,110800
17,2021/05/23,2020000000000000,52,59,10,11000,110000
18,2021/05/23,2020000000000000,7,19,25,10900,272500
19,2021/05/23,2020000000000000,33,56,10,11107,111070
20,2021/05/23,2020000000000000,33,52,10,11100,111000
21,2021/05/23,2020000000000000,33,33,10,10900,109000
22,2021/05/23,2020000000000000,42,26,10,10890,108900
23,2021/05/23,2020000000000000,14,20,10,10705,107050
24,2021/05/23,2020000000000000,14,20,10,10496,104960
1,2021/05/24,2020000000000000,51,19,10,10801,108010
2,2021/05/24,2020000000000000,33,55,10,10810,108100
3,2021/05/24,2020000000000000,51,19,20,10914,218280
4,2021/05/24,2020000000000000,51,51,30,10914,327420
5,2021/05/24,2020000000000000,51,38,20,10914,218280
6,2021/05/24,2020000000000000,51,38,30,10915,327450
7,2021/05/24,2020000000000000,51,51,20,10915,218300
8,2021/05/24,2020000000000000,51,45,10,11000,110000
9,2021/05/24,2020000000000000,51,38,50,10914,545700
10,2021/05/24,2020000000000000,11,17,10,10700,107000
11,2021/05/24,2020000000000000,41,59,20,10700,214000
12,2021/05/24,2020000000000000,49,59,10,10700,107000
13,2021/05/24,2020000000000000,51,38,40,10900,436000
14,2021/05/24,2020000000000000,51,41,10,10900,109000
15,2021/05/24,2020000000000000,45,40,20,10918,218360
1,2021/05/25,2020000000000000,49,38,50,10890,544500
2,2021/05/25,2020000000000000,49,36,10,10885,108850
3,2021/05/25,2020000000000000,49,50,50,10890,544500
4,2021/05/25,2020000000000000,41,50,20,10805,216100
5,2021/05/25,2020000000000000,56,57,20,10700,214000
6,2021/05/25,2020000000000000,50,50,10,10600,106000
7,2021/05/25,2020000000000000,29,17,20,10594,211880
8,2021/05/25,2020000000000000,55,50,10,10801,108010
9,2021/05/25,2020000000000000,55,50,10,10801,108010
1,2021/05/27,2020000000000000,43,33,30,11100,333000
2,2021/05/27,2020000000000000,43,52,10,11099,110990
3,2021/05/27,2020000000000000,43,14,10,11050,110500
4,2021/05/27,2020000000000000,14,20,10,10986,109860
5,2021/05/27,2020000000000000,49,6,50,10950,547500
6,2021/05/27,2020000000000000,19,14,10,10898,108980
7,2021/05/27,2020000000000000,43,14,10,10898,108980
8,2021/05/27,2020000000000000,14,14,10,10898,108980
9,2021/05/27,2020000000000000,43,47,10,10772,107720
10,2021/05/27,2020000000000000,55,47,10,10772,107720
11,2021/05/27,2020000000000000,51,19,10,10898,108980
12,2021/05/27,2020000000000000,51,16,50,10899,544950
13,2021/05/27,2020000000000000,56,16,10,10900,109000
14,2021/05/27,2020000000000000,5,16,40,10900,436000
15,2021/05/27,2020000000000000,51,6,50,11050,552500
16,2021/05/27,2020000000000000,51,14,20,11050,221000
17,2021/05/27,2020000000000000,51,17,10,11050,110500
18,2021/05/27,2020000000000000,5,14,20,10900,218000
19,2021/05/27,2020000000000000,35,14,10,10900,109000
20,2021/05/27,2020000000000000,17,14,10,10910,109100
21,2021/05/27,2020000000000000,45,14,10,10920,109200
22,2021/05/27,2020000000000000,42,55,10,11001,110010
23,2021/05/27,2020000000000000,51,11,10,10898,108980
24,2021/05/27,2020000000000000,50,41,10,10705,107050
25,2021/05/27,2020000000000000,5,14,10,10750,107500
26,2021/05/27,2020000000000000,5,14,40,10750,430000
27,2021/05/27,2020000000000000,29,14,10,10750,107500
28,2021/05/27,2020000000000000,51,14,20,10750,215000
29,2021/05/27,2020000000000000,11,14,20,10750,215000
30,2021/05/27,2020000000000000,28,14,10,10750,107500
31,2021/05/27,2020000000000000,17,14,10,10750,107500
32,2021/05/27,2020000000000000,14,14,10,10760,107600
33,2021/05/27,2020000000000000,8,55,10,10760,107600
34,2021/05/27,2020000000000000,28,21,20,10750,215000
35,2021/05/27,2020000000000000,28,21,20,10750,215000
36,2021/05/27,2020000000000000,42,21,10,10700,107000
37,2021/05/27,2020000000000000,42,21,10,10700,107000
38,2021/05/27,2020000000000000,57,21,10,10700,107000
39,2021/05/27,2020000000000000,41,21,10,10685,106850
40,2021/05/27,2020000000000000,42,21,20,10685,213700
41,2021/05/27,2020000000000000,55,21,10,10680,106800
42,2021/05/27,2020000000000000,50,21,20,10680,213600
43,2021/05/27,2020000000000000,50,21,20,10680,213600
44,2021/05/27,2020000000000000,8,21,10,10680,106800
45,2021/05/27,2020000000000000,49,21,10,10660,106600
46,2021/05/27,2020000000000000,55,14,10,10650,106500
47,2021/05/27,2020000000000000,57,14,30,10651,319530
48,2021/05/27,2020000000000000,42,14,10,10652,106520
49,2021/05/27,2020000000000000,29,21,10,10660,106600
50,2021/05/27,2020000000000000,29,21,10,10660,106600
51,2021/05/27,2020000000000000,29,21,10,10660,106600
52,2021/05/27,2020000000000000,49,21,10,10660,106600
53,2021/05/27,2020000000000000,42,21,10,10661,106610
54,2021/05/27,2020000000000000,51,14,50,10550,527500
55,2021/05/27,2020000000000000,43,21,17,10685,181645
56,2021/05/27,2020000000000000,51,19,10,10885,108850
57,2021/05/27,2020000000000000,42,43,40,11107,444280
1,2021/05/30,2020000000000000,51,41,30,10995,329850
2,2021/05/30,2020000000000000,8,41,30,11000,330000
3,2021/05/30,2020000000000000,50,33,10,11100,111000
4,2021/05/30,2020000000000000,50,41,10,11100,111000
5,2021/05/30,2020000000000000,51,50,30,10995,329850
6,2021/05/30,2020000000000000,8,50,30,11000,330000
7,2021/05/30,2020000000000000,51,58,10,10995,109950
8,2021/05/30,2020000000000000,51,55,10,10995,109950
9,2021/05/30,2020000000000000,51,13,40,10780,431200
10,2021/05/30,2020000000000000,51,14,20,10770,215400
11,2021/05/30,2020000000000000,51,49,20,10770,215400
12,2021/05/30,2020000000000000,51,8,10,10770,107700
13,2021/05/30,2020000000000000,51,8,10,10760,107600
14,2021/05/30,2020000000000000,8,59,70,10600,742000
15,2021/05/30,2020000000000000,51,53,20,10770,215400
16,2021/05/30,2020000000000000,34,50,10,10566,105660
17,2021/05/30,2020000000000000,37,14,10,10550,105500
18,2021/05/30,2020000000000000,43,14,30,10551,316530
19,2021/05/30,2020000000000000,43,14,10,10552,105520
20,2021/05/30,2020000000000000,43,14,20,10553,211060
21,2021/05/30,2020000000000000,32,14,10,10566,105660
22,2021/05/30,2020000000000000,55,14,10,10572,105720
23,2021/05/30,2020000000000000,55,14,10,10573,105730
24,2021/05/30,2020000000000000,5,14,20,10575,211500
25,2021/05/30,2020000000000000,55,14,10,10576,105760
26,2021/05/30,2020000000000000,34,14,10,10577,105770
27,2021/05/30,2020000000000000,32,14,10,10580,105800
28,2021/05/30,2020000000000000,55,14,10,10581,105810
29,2021/05/30,2020000000000000,44,14,10,10581,105810
30,2021/05/30,2020000000000000,35,47,120,10771,1292520
31,2021/05/30,2020000000000000,51,56,10,10560,105600
32,2021/05/30,2020000000000000,35,47,10,10570,105700
33,2021/05/30,2020000000000000,8,47,15,10570,158550
34,2021/05/30,2020000000000000,11,47,10,10570,105700
35,2021/05/30,2020000000000000,11,47,10,10570,105700
36,2021/05/30,2020000000000000,40,47,15,10570,158550
37,2021/05/30,2020000000000000,50,47,10,10590,105900
38,2021/05/30,2020000000000000,37,47,10,10610,106100
39,2021/05/30,2020000000000000,45,14,10,10611,106110
40,2021/05/30,2020000000000000,38,14,10,10611,106110
41,2021/05/30,2020000000000000,42,14,40,10650,426000
42,2021/05/30,2020000000000000,40,38,20,10566,211320
43,2021/05/30,2020000000000000,49,38,20,10600,212000
44,2021/05/30,2020000000000000,55,38,10,10600,106000
45,2021/05/30,2020000000000000,17,14,10,10780,107800
46,2021/05/30,2020000000000000,17,14,10,10780,107800
47,2021/05/30,2020000000000000,55,14,10,10780,107800
48,2021/05/30,2020000000000000,45,14,10,10781,107810
49,2021/05/30,2020000000000000,57,11,10,10780,107800
50,2021/05/30,2020000000000000,44,19,10,10780,107800
51,2021/05/30,2020000000000000,45,19,10,10881,108810
52,2021/05/30,2020000000000000,42,19,10,10900,109000
53,2021/05/30,2020000000000000,52,59,20,10905,218100
54,2021/05/30,2020000000000000,51,59,30,10906,327180
55,2021/05/30,2020000000000000,8,56,10,11000,110000
56,2021/05/30,2020000000000000,55,56,10,11000,110000
57,2021/05/30,2020000000000000,55,56,10,11000,110000
58,2021/05/30,2020000000000000,38,56,20,11000,220000
59,2021/05/30,2020000000000000,4,56,10,11100,111000
1,2021/06/01,2020000000000000,45,7,10,10502,105020
2,2021/06/01,2020000000000000,44,50,10,10502,105020
3,2021/06/01,2020000000000000,22,55,10,10502,105020
4,2021/06/01,2020000000000000,22,55,10,10502,105020
5,2021/06/01,2020000000000000,19,45,36,10502,378072
6,2021/06/01,2020000000000000,34,45,10,10502,105020
7,2021/06/01,2020000000000000,37,14,100,10500,1050000
8,2021/06/01,2020000000000000,45,59,10,10710,107100
9,2021/06/01,2020000000000000,45,57,10,10710,107100
1,2021/06/02,2020000000000000,56,8,10,10500,105000
2,2021/06/02,2020000000000000,44,8,10,10500,105000
3,2021/06/02,2020000000000000,45,8,10,10507,105070
4,2021/06/02,2020000000000000,45,8,10,10509,105090
5,2021/06/02,2020000000000000,45,8,10,10510,105100
6,2021/06/02,2020000000000000,45,8,10,10511,105110
7,2021/06/02,2020000000000000,44,59,13,10600,137800
8,2021/06/02,2020000000000000,45,8,10,10512,105120
9,2021/06/02,2020000000000000,55,8,10,10525,105250
10,2021/06/02,2020000000000000,51,8,10,10600,106000
11,2021/06/02,2020000000000000,17,8,10,10610,106100
12,2021/06/02,2020000000000000,6,8,10,10611,106110
13,2021/06/02,2020000000000000,42,55,10,10625,106250
14,2021/06/02,2020000000000000,50,59,10,10630,106300
15,2021/06/02,2020000000000000,4,21,10,10710,107100
16,2021/06/02,2020000000000000,4,38,10,10710,107100
17,2021/06/02,2020000000000000,4,49,20,10700,214000
18,2021/06/02,2020000000000000,37,37,19,10708,203452
19,2021/06/02,2020000000000000,55,37,10,10500,105000
20,2021/06/02,2020000000000000,4,37,25,10500,262500
21,2021/06/02,2020000000000000,50,37,10,10501,105010
22,2021/06/02,2020000000000000,4,49,10,10500,105000
23,2021/06/02,2020000000000000,4,40,20,10507,210140
24,2021/06/02,2020000000000000,4,21,10,10507,105070
25,2021/06/02,2020000000000000,4,36,20,10505,210100
26,2021/06/02,2020000000000000,4,38,15,10500,157500
27,2021/06/02,2020000000000000,5,14,20,10301,206020
28,2021/06/02,2020000000000000,34,14,10,10302,103020
1,2021/06/03,2020000000000000,45,42,30,10496,314880
2,2021/06/03,2020000000000000,45,38,18,10496,188928
3,2021/06/03,2020000000000000,44,38,17,10500,178500
4,2021/06/03,2020000000000000,42,38,10,10500,105000
5,2021/06/03,2020000000000000,50,38,20,10502,210040
6,2021/06/03,2020000000000000,14,43,10,10496,104960
7,2021/06/03,2020000000000000,32,57,10,10497,104970
8,2021/06/03,2020000000000000,34,8,10,10497,104970
9,2021/06/03,2020000000000000,42,8,10,10498,104980
10,2021/06/03,2020000000000000,49,8,10,10500,105000
11,2021/06/03,2020000000000000,42,57,10,10501,105010
12,2021/06/03,2020000000000000,22,41,10,10710,107100
13,2021/06/03,2020000000000000,59,19,20,10500,210000
14,2021/06/03,2020000000000000,42,19,10,10501,105010
15,2021/06/03,2020000000000000,44,43,10,10710,107100
1,2021/06/06,2020000000000000,14,45,10,10300,103000
2,2021/06/06,2020000000000000,42,45,10,10310,103100
3,2021/06/06,2020000000000000,22,53,20,10350,207000
4,2021/06/06,2020000000000000,14,53,10,10350,103500
5,2021/06/06,2020000000000000,51,53,30,10350,310500
6,2021/06/06,2020000000000000,42,45,10,10290,102900
7,2021/06/06,2020000000000000,58,45,10,10292,102920
8,2021/06/06,2020000000000000,42,38,10,10292,102920
9,2021/06/06,2020000000000000,44,38,10,10295,102950
10,2021/06/06,2020000000000000,4,45,10,10300,103000
11,2021/06/06,2020000000000000,14,55,10,10301,103010
12,2021/06/06,2020000000000000,42,7,10,10301,103010
13,2021/06/06,2020000000000000,58,7,10,10350,103500
14,2021/06/06,2020000000000000,33,45,20,10303,206060
15,2021/06/06,2020000000000000,20,45,10,10304,103040
16,2021/06/06,2020000000000000,51,45,10,10302,103020
17,2021/06/06,2020000000000000,4,37,10,10287,102870
18,2021/06/06,2020000000000000,59,37,10,10288,102880
19,2021/06/06,2020000000000000,41,37,11,10300,113300
20,2021/06/06,2020000000000000,21,37,10,10496,104960
1,2021/06/07,2020000000000000,3,48,10,10400,104000
2,2021/06/07,2020000000000000,44,19,10,10450,104500
3,2021/06/07,2020000000000000,44,39,30,10450,313500
4,2021/06/07,2020000000000000,44,49,10,10450,104500
5,2021/06/07,2020000000000000,42,33,100,10500,1050000
6,2021/06/07,2020000000000000,40,53,20,10580,211600
7,2021/06/07,2020000000000000,58,8,10,10506,105060
8,2021/06/07,2020000000000000,57,28,10,10500,105000
9,2021/06/07,2020000000000000,37,51,10,10450,104500
1,2021/06/08,2020000000000000,41,55,10,10425,104250
2,2021/06/08,2020000000000000,35,3,10,10420,104200
3,2021/06/08,2020000000000000,38,11,10,10400,104000
4,2021/06/08,2020000000000000,51,49,10,10400,104000
5,2021/06/08,2020000000000000,35,49,10,10401,104010
6,2021/06/08,2020000000000000,55,20,10,10400,104000
7,2021/06/08,2020000000000000,21,11,10,10400,104000
1,2021/06/09,2020000000000000,47,42,10,11005,110050
2,2021/06/09,2020000000000000,1,17,10,11005,110050
3,2021/06/09,2020000000000000,47,21,10,11020,110200
4,2021/06/09,2020000000000000,47,37,10,11010,110100
5,2021/06/09,2020000000000000,1,8,10,11010,110100
6,2021/06/09,2020000000000000,19,55,10,11005,110050
7,2021/06/09,2020000000000000,19,55,10,11005,110050
8,2021/06/09,2020000000000000,19,32,10,11000,110000
9,2021/06/09,2020000000000000,19,17,10,11000,110000
10,2021/06/09,2020000000000000,51,42,10,11000,110000
11,2021/06/09,2020000000000000,19,29,10,10998,109980
12,2021/06/09,2020000000000000,19,40,10,10999,109990
13,2021/06/09,2020000000000000,8,29,10,10980,109800
14,2021/06/09,2020000000000000,8,55,10,10980,109800
15,2021/06/09,2020000000000000,19,40,10,10999,109990
16,2021/06/09,2020000000000000,19,6,10,10980,109800
17,2021/06/09,2020000000000000,19,50,10,10980,109800
18,2021/06/09,2020000000000000,26,50,10,10980,109800
19,2021/06/09,2020000000000000,19,57,10,10900,109000
20,2021/06/09,2020000000000000,1,55,10,10800,108000
21,2021/06/09,2020000000000000,57,16,10,10890,108900
22,2021/06/09,2020000000000000,39,16,10,10890,108900
23,2021/06/09,2020000000000000,19,21,20,10815,216300
24,2021/06/09,2020000000000000,42,43,10,10815,108150
25,2021/06/09,2020000000000000,42,8,10,10815,108150
26,2021/06/09,2020000000000000,48,4,10,10875,108750
27,2021/06/09,2020000000000000,25,35,10,10875,108750
28,2021/06/09,2020000000000000,54,55,10,11020,110200
29,2021/06/09,2020000000000000,57,32,10,11028,110280
30,2021/06/09,2020000000000000,49,42,10,11020,110200
31,2021/06/09,2020000000000000,57,14,10,11028,110280
32,2021/06/09,2020000000000000,1,35,10,10880,108800
33,2021/06/09,2020000000000000,14,35,10,11000,110000
34,2021/06/09,2020000000000000,25,49,10,10875,108750
35,2021/06/09,2020000000000000,6,55,10,11028,110280
36,2021/06/09,2020000000000000,29,55,10,10812,108120
37,2021/06/09,2020000000000000,45,50,29,10700,310300
38,2021/06/09,2020000000000000,50,38,10,10708,107080
39,2021/06/09,2020000000000000,50,55,10,10708,107080
40,2021/06/09,2020000000000000,59,44,10,10600,106000
41,2021/06/09,2020000000000000,52,45,10,10499,104990
42,2021/06/09,2020000000000000,38,45,10,10499,104990
43,2021/06/09,2020000000000000,22,45,10,10499,104990
44,2021/06/09,2020000000000000,8,45,10,10499,104990
45,2021/06/09,2020000000000000,8,20,10,10499,104990
46,2021/06/09,2020000000000000,41,45,10,10498,104980
47,2021/06/09,2020000000000000,22,17,16,10370,165920
48,2021/06/09,2020000000000000,22,4,20,10360,207200
49,2021/06/09,2020000000000000,16,4,20,10360,207200
50,2021/06/09,2020000000000000,19,4,10,10360,103600
51,2021/06/09,2020000000000000,19,4,10,10360,103600
52,2021/06/09,2020000000000000,13,4,10,10360,103600
53,2021/06/09,2020000000000000,42,4,30,10360,310800
54,2021/06/09,2020000000000000,42,4,10,10360,103600
55,2021/06/09,2020000000000000,19,4,10,10360,103600
56,2021/06/09,2020000000000000,55,50,15,10355,155325
57,2021/06/09,2020000000000000,35,4,20,10360,207200
58,2021/06/09,2020000000000000,19,4,10,10360,103600
59,2021/06/09,2020000000000000,19,4,10,10360,103600
60,2021/06/09,2020000000000000,55,4,10,10350,103500
61,2021/06/09,2020000000000000,35,4,20,10350,207000
62,2021/06/09,2020000000000000,14,4,10,10300,103000
63,2021/06/09,2020000000000000,19,4,10,10300,103000
64,2021/06/09,2020000000000000,49,41,10,10499,104990
65,2021/06/09,2020000000000000,43,32,10,10400,104000
66,2021/06/09,2020000000000000,14,42,10,10300,103000
67,2021/06/09,2020000000000000,19,42,10,10300,103000
68,2021/06/09,2020000000000000,55,42,10,10300,103000
69,2021/06/09,2020000000000000,55,41,10,10495,104950
70,2021/06/09,2020000000000000,14,25,10,10290,102900
71,2021/06/09,2020000000000000,41,41,10,10500,105000
1,2021/06/10,2020000000000000,51,56,299,10781,3223519
2,2021/06/10,2020000000000000,38,56,10,10781,107810
3,2021/06/10,2020000000000000,44,56,200,10781,2156200
4,2021/06/10,2020000000000000,50,56,10,10782,107820
5,2021/06/10,2020000000000000,54,56,10,10785,107850
6,2021/06/10,2020000000000000,4,56,30,10790,323700
7,2021/06/10,2020000000000000,45,56,10,10795,107950
8,2021/06/10,2020000000000000,32,56,10,10800,108000
9,2021/06/10,2020000000000000,39,56,10,10800,108000
10,2021/06/10,2020000000000000,52,58,1,10781,10781
11,2021/06/10,2020000000000000,58,56,10,10781,107810
12,2021/06/10,2020000000000000,42,56,10,10781,107810
13,2021/06/10,2020000000000000,41,19,20,10570,211400
14,2021/06/10,2020000000000000,45,19,50,10570,528500
15,2021/06/10,2020000000000000,1,19,10,10661,106610
16,2021/06/10,2020000000000000,42,19,20,10665,213300
17,2021/06/10,2020000000000000,21,19,50,10785,539250
18,2021/06/10,2020000000000000,34,20,10,10878,108780
19,2021/06/10,2020000000000000,59,56,20,11100,222000
20,2021/06/10,2020000000000000,34,56,10,11217,112170
21,2021/06/10,2020000000000000,54,42,10,11445,114450
22,2021/06/10,2020000000000000,57,3,10,11225,112250
1,2021/06/13,2020000000000000,6,19,10,11040,110400
2,2021/06/13,2020000000000000,48,19,30,10830,324900
3,2021/06/13,2020000000000000,38,19,10,10830,108300
4,2021/06/13,2020000000000000,29,19,20,10830,216600
5,2021/06/13,2020000000000000,3,19,10,10830,108300
6,2021/06/13,2020000000000000,20,19,10,10832,108320
7,2021/06/13,2020000000000000,18,19,10,10850,108500
8,2021/06/13,2020000000000000,3,16,10,10830,108300
9,2021/06/13,2020000000000000,29,16,10,10830,108300
10,2021/06/13,2020000000000000,58,57,10,10790,107900
11,2021/06/13,2020000000000000,25,57,10,10800,108000
12,2021/06/13,2020000000000000,25,50,20,10800,216000
13,2021/06/13,2020000000000000,51,50,10,10830,108300
14,2021/06/13,2020000000000000,32,57,10,10850,108500
15,2021/06/13,2020000000000000,56,20,10,10851,108510
16,2021/06/13,2020000000000000,48,37,10,10900,109000
17,2021/06/13,2020000000000000,56,45,10,10900,109000
18,2021/06/13,2020000000000000,45,45,10,10900,109000
19,2021/06/13,2020000000000000,41,45,10,10900,109000
20,2021/06/13,2020000000000000,45,45,10,10950,109500
21,2021/06/13,2020000000000000,26,45,10,11000,110000
22,2021/06/13,2020000000000000,42,45,5,11100,55500
23,2021/06/13,2020000000000000,42,21,15,11100,166500
24,2021/06/13,2020000000000000,32,21,10,11100,111000
25,2021/06/13,2020000000000000,38,55,25,11100,277500
26,2021/06/13,2020000000000000,38,44,30,11098,332940
27,2021/06/13,2020000000000000,50,14,10,10950,109500
28,2021/06/13,2020000000000000,46,55,10,10950,109500
29,2021/06/13,2020000000000000,55,55,10,10900,109000
30,2021/06/13,2020000000000000,35,22,10,10900,109000
31,2021/06/13,2020000000000000,48,44,10,10996,109960
1,2021/06/14,2020000000000000,14,49,25,10850,271250
2,2021/06/14,2020000000000000,14,49,25,10850,271250
3,2021/06/14,2020000000000000,48,49,10,10850,108500
4,2021/06/14,2020000000000000,45,49,10,10850,108500
5,2021/06/14,2020000000000000,17,8,10,10860,108600
6,2021/06/14,2020000000000000,50,17,10,10870,108700
7,2021/06/14,2020000000000000,57,49,10,10900,109000
8,2021/06/14,2020000000000000,57,41,10,10870,108700
9,2021/06/14,2020000000000000,35,49,21,10900,228900
10,2021/06/14,2020000000000000,7,49,10,10905,109050
11,2021/06/14,2020000000000000,39,49,10,10910,109100
12,2021/06/14,2020000000000000,58,49,20,10910,218200
13,2021/06/14,2020000000000000,58,7,10,10910,109100
14,2021/06/14,2020000000000000,7,28,10,10910,109100
15,2021/06/14,2020000000000000,49,43,10,11000,110000
16,2021/06/14,2020000000000000,34,16,10,10990,109900
17,2021/06/14,2020000000000000,34,51,10,10990,109900
18,2021/06/14,2020000000000000,35,58,19,10900,207100
19,2021/06/14,2020000000000000,22,57,10,10900,109000
20,2021/06/14,2020000000000000,45,16,10,10905,109050
21,2021/06/14,2020000000000000,33,13,10,10905,109050
22,2021/06/14,2020000000000000,42,47,20,11000,220000
23,2021/06/14,2020000000000000,47,38,10,11000,110000
24,2021/06/14,2020000000000000,47,45,30,11000,330000
25,2021/06/14,2020000000000000,47,45,19,11000,209000
26,2021/06/14,2020000000000000,47,45,30,11000,330000
27,2021/06/14,2020000000000000,47,41,10,11000,110000
28,2021/06/14,2020000000000000,55,45,40,10900,436000
29,2021/06/14,2020000000000000,45,21,10,11100,111000
30,2021/06/14,2020000000000000,50,14,10,11000,110000
31,2021/06/14,2020000000000000,55,14,10,11000,110000
32,2021/06/14,2020000000000000,45,14,10,11000,110000
1,2021/06/15,2020000000000000,13,8,10,10642,106420
2,2021/06/15,2020000000000000,47,16,10,10642,106420
3,2021/06/15,2020000000000000,25,16,10,10674,106740
4,2021/06/15,2020000000000000,11,16,10,10700,107000
5,2021/06/15,2020000000000000,26,21,20,10640,212800
6,2021/06/15,2020000000000000,26,21,10,10640,106400
7,2021/06/15,2020000000000000,26,49,20,10640,212800
8,2021/06/15,2020000000000000,26,41,20,10800,216000
9,2021/06/15,2020000000000000,26,41,10,10800,108000
10,2021/06/15,2020000000000000,55,55,10,10847,108470
11,2021/06/15,2020000000000000,25,41,10,10635,106350
12,2021/06/15,2020000000000000,44,41,20,10640,212800
13,2021/06/15,2020000000000000,55,41,10,10640,106400
14,2021/06/15,2020000000000000,51,41,10,10640,106400
15,2021/06/15,2020000000000000,8,41,10,10650,106500
16,2021/06/15,2020000000000000,55,41,10,10650,106500
17,2021/06/15,2020000000000000,42,41,20,10651,213020
18,2021/06/15,2020000000000000,55,41,10,10660,106600
19,2021/06/15,2020000000000000,34,34,10,10650,106500
20,2021/06/15,2020000000000000,5,34,10,10650,106500
21,2021/06/15,2020000000000000,5,34,10,10650,106500
22,2021/06/15,2020000000000000,58,34,10,10680,106800
23,2021/06/15,2020000000000000,55,34,10,10700,107000
1,2021/06/16,2020000000000000,46,39,10,10550,105500
2,2021/06/16,2020000000000000,58,3,10,10451,104510
3,2021/06/16,2020000000000000,40,1,10,10500,105000
4,2021/06/16,2020000000000000,17,19,10,10450,104500
5,2021/06/16,2020000000000000,14,22,10,10440,104400
6,2021/06/16,2020000000000000,14,25,10,10440,104400
7,2021/06/16,2020000000000000,44,25,10,10440,104400
8,2021/06/16,2020000000000000,14,37,40,10600,424000
9,2021/06/16,2020000000000000,34,19,10,10600,106000
10,2021/06/16,2020000000000000,34,38,55,10638,585090
11,2021/06/16,2020000000000000,41,41,10,10430,104300
12,2021/06/16,2020000000000000,48,41,10,10435,104350
13,2021/06/16,2020000000000000,5,14,20,10450,209000
14,2021/06/16,2020000000000000,55,14,10,10460,104600
1,2021/06/17,2020000000000000,35,16,10,10550,105500
2,2021/06/17,2020000000000000,28,28,10,10560,105600
3,2021/06/17,2020000000000000,35,58,11,10550,116050
4,2021/06/17,2020000000000000,35,51,20,10550,211000
5,2021/06/17,2020000000000000,34,45,60,10500,630000
6,2021/06/17,2020000000000000,29,19,11,10430,114730
7,2021/06/17,2020000000000000,44,36,10,10444,104440
8,2021/06/17,2020000000000000,3,36,10,10444,104440
9,2021/06/17,2020000000000000,17,8,10,10550,105500
10,2021/06/17,2020000000000000,22,33,10,10500,105000
11,2021/06/17,2020000000000000,34,25,30,10500,315000
1,2021/06/20,2020000000000000,38,48,10,10350,103500
2,2021/06/20,2020000000000000,35,48,20,10350,207000
3,2021/06/20,2020000000000000,35,50,10,10350,103500
4,2021/06/20,2020000000000000,35,50,10,10350,103500
5,2021/06/20,2020000000000000,35,52,40,10350,414000
6,2021/06/20,2020000000000000,3,52,10,10351,103510
7,2021/06/20,2020000000000000,35,42,10,10350,103500
8,2021/06/20,2020000000000000,22,18,10,10351,103510
9,2021/06/20,2020000000000000,35,57,10,10350,103500
10,2021/06/20,2020000000000000,4,5,10,10351,103510
11,2021/06/20,2020000000000000,33,5,10,10358,103580
12,2021/06/20,2020000000000000,1,5,20,10400,208000
13,2021/06/20,2020000000000000,22,5,20,10410,208200
14,2021/06/20,2020000000000000,22,5,10,10411,104110
15,2021/06/20,2020000000000000,32,49,10,10605,106050
16,2021/06/20,2020000000000000,32,3,10,10461,104610
17,2021/06/20,2020000000000000,32,40,10,10461,104610
18,2021/06/20,2020000000000000,55,57,10,10401,104010
19,2021/06/20,2020000000000000,55,3,10,10400,104000
20,2021/06/20,2020000000000000,28,57,10,10401,104010
1,2021/06/21,2020000000000000,3,19,10,9962,99620
2,2021/06/21,2020000000000000,14,19,20,9961,199220
3,2021/06/21,2020000000000000,14,28,20,9960,199200
4,2021/06/21,2020000000000000,41,28,10,9960,99600
5,2021/06/21,2020000000000000,41,28,20,9960,199200
6,2021/06/21,2020000000000000,41,28,20,9961,199220
7,2021/06/21,2020000000000000,41,28,10,9961,99610
8,2021/06/21,2020000000000000,22,28,10,9961,99610
9,2021/06/21,2020000000000000,57,28,10,9975,99750
10,2021/06/21,2020000000000000,22,34,20,9961,199220
11,2021/06/21,2020000000000000,41,34,10,9962,99620
12,2021/06/21,2020000000000000,44,19,10,9990,99900
13,2021/06/21,2020000000000000,14,19,10,9991,99910
14,2021/06/21,2020000000000000,41,42,10,10000,100000
15,2021/06/21,2020000000000000,41,11,10,10000,100000
16,2021/06/21,2020000000000000,17,11,10,10000,100000
17,2021/06/21,2020000000000000,34,19,20,10000,200000
18,2021/06/21,2020000000000000,55,42,10,10100,101000
19,2021/06/21,2020000000000000,17,49,10,10000,100000
20,2021/06/21,2020000000000000,38,28,10,10100,101000
21,2021/06/21,2020000000000000,29,22,10,10100,101000
22,2021/06/21,2020000000000000,55,19,20,10090,201800
23,2021/06/21,2020000000000000,55,21,10,10101,101010
24,2021/06/21,2020000000000000,34,21,10,10102,101020
25,2021/06/21,2020000000000000,22,21,10,10105,101050
26,2021/06/21,2020000000000000,41,21,10,10106,101060
27,2021/06/21,2020000000000000,41,21,10,10111,101110
28,2021/06/21,2020000000000000,53,3,10,10120,101200
29,2021/06/21,2020000000000000,59,3,10,10120,101200
30,2021/06/21,2020000000000000,17,33,10,10131,101310
31,2021/06/21,2020000000000000,17,51,10,10151,101510
32,2021/06/21,2020000000000000,41,51,10,10152,101520
33,2021/06/21,2020000000000000,22,14,10,10156,101560
34,2021/06/21,2020000000000000,3,14,10,10177,101770
35,2021/06/21,2020000000000000,26,14,10,10178,101780
36,2021/06/21,2020000000000000,29,14,20,10179,203580
1,2021/06/22,2020000000000000,33,19,10,10205,102050
2,2021/06/22,2020000000000000,47,19,10,10206,102060
3,2021/06/22,2020000000000000,57,58,10,10399,103990
4,2021/06/22,2020000000000000,52,52,10,10398,103980
5,2021/06/22,2020000000000000,33,19,10,10205,102050
6,2021/06/22,2020000000000000,55,19,10,10200,102000
7,2021/06/22,2020000000000000,25,19,10,10299,102990
8,2021/06/22,2020000000000000,43,19,10,10300,103000
9,2021/06/22,2020000000000000,36,59,10,10358,103580
10,2021/06/22,2020000000000000,36,21,10,10350,103500
11,2021/06/22,2020000000000000,58,58,10,10349,103490
12,2021/06/22,2020000000000000,36,58,10,10299,102990
13,2021/06/22,2020000000000000,36,43,40,10290,411600
14,2021/06/22,2020000000000000,34,28,10,10161,101610
1,2021/06/23,2020000000000000,55,16,10,10219,102190
2,2021/06/23,2020000000000000,44,45,10,10050,100500
3,2021/06/23,2020000000000000,55,51,10,10150,101500
4,2021/06/23,2020000000000000,45,17,10,10100,101000
5,2021/06/23,2020000000000000,55,17,10,10150,101500
6,2021/06/23,2020000000000000,52,17,10,10160,101600
7,2021/06/23,2020000000000000,36,19,10,10250,102500
8,2021/06/23,2020000000000000,36,34,10,10250,102500
9,2021/06/23,2020000000000000,36,28,10,10250,102500
1,2021/06/24,2020000000000000,14,34,20,10103,202060
2,2021/06/24,2020000000000000,42,34,80,10100,808000
3,2021/06/24,2020000000000000,42,33,20,10100,202000
1,2021/06/27,2020000000000000,22,14,10,9907,99070
2,2021/06/27,2020000000000000,22,14,10,9910,99100
3,2021/06/27,2020000000000000,21,14,30,9911,297330
4,2021/06/27,2020000000000000,22,43,10,9903,99030
5,2021/06/27,2020000000000000,58,33,20,9910,198200
6,2021/06/27,2020000000000000,17,33,10,9910,99100
7,2021/06/27,2020000000000000,17,58,10,9910,99100
8,2021/06/27,2020000000000000,13,58,45,9912,446040
9,2021/06/27,2020000000000000,22,58,20,9915,198300
10,2021/06/27,2020000000000000,21,58,20,9915,198300
11,2021/06/27,2020000000000000,49,58,10,9930,99300
12,2021/06/27,2020000000000000,45,34,10,9900,99000
13,2021/06/27,2020000000000000,41,34,10,9902,99020
14,2021/06/27,2020000000000000,14,14,10,9903,99030
15,2021/06/27,2020000000000000,22,14,30,9951,298530
16,2021/06/27,2020000000000000,55,34,10,9955,99550
17,2021/06/27,2020000000000000,14,34,10,9975,99750
18,2021/06/27,2020000000000000,14,55,10,10000,100000
19,2021/06/27,2020000000000000,17,34,20,9971,199420
20,2021/06/27,2020000000000000,44,34,10,10000,100000
21,2021/06/27,2020000000000000,44,55,10,10000,100000
22,2021/06/27,2020000000000000,5,34,10,9910,99100
23,2021/06/27,2020000000000000,25,34,50,9910,495500
1,2021/06/28,2020000000000000,57,34,10,9920,99200
2,2021/06/28,2020000000000000,17,28,10,9950,99500
3,2021/06/28,2020000000000000,26,34,15,9916,148740
4,2021/06/28,2020000000000000,57,34,10,9900,99000
5,2021/06/28,2020000000000000,55,34,10,9911,99110
6,2021/06/28,2020000000000000,55,34,10,9911,99110
7,2021/06/28,2020000000000000,22,34,20,9915,198300
8,2021/06/28,2020000000000000,32,52,10,10098,100980
9,2021/06/28,2020000000000000,57,34,10,9900,99000
10,2021/06/28,2020000000000000,51,58,40,9900,396000
11,2021/06/28,2020000000000000,21,58,50,9900,495000
12,2021/06/28,2020000000000000,45,58,10,9900,99000
1,2021/06/29,2020000000000000,22,43,20,9901,198020
2,2021/06/29,2020000000000000,55,55,10,9996,99960
3,2021/06/29,2020000000000000,46,28,10,9900,99000
4,2021/06/29,2020000000000000,41,48,10,9875,98750
5,2021/06/29,2020000000000000,41,28,10,9875,98750
6,2021/06/29,2020000000000000,22,28,10,9810,98100
7,2021/06/29,2020000000000000,21,49,19,9800,186200
8,2021/06/29,2020000000000000,22,49,10,9801,98010
9,2021/06/29,2020000000000000,22,49,40,9855,394200
10,2021/06/29,2020000000000000,21,49,20,9856,197120
11,2021/06/29,2020000000000000,21,49,10,9860,98600
12,2021/06/29,2020000000000000,14,34,20,9880,197600
13,2021/06/29,2020000000000000,3,26,10,9881,98810
14,2021/06/29,2020000000000000,19,49,10,9900,99000
15,2021/06/29,2020000000000000,22,49,20,9900,198000
16,2021/06/29,2020000000000000,3,49,10,9911,99110
17,2021/06/29,2020000000000000,36,34,10,9900,99000
1,2021/07/01,2020000000000000,22,35,10,9827,98270
2,2021/07/01,2020000000000000,22,45,18,9827,176886
3,2021/07/01,2020000000000000,55,43,10,9999,99990
4,2021/07/01,2020000000000000,11,57,10,10000,100000
5,2021/07/01,2020000000000000,11,19,30,10000,300000
6,2021/07/01,2020000000000000,11,19,10,10000,100000
7,2021/07/01,2020000000000000,11,50,10,10000,100000
8,2021/07/01,2020000000000000,11,44,10,10000,100000
1,2021/07/04,2020000000000000,22,48,40,9810,392400
2,2021/07/04,2020000000000000,22,43,20,9801,196020
3,2021/07/04,2020000000000000,55,48,10,9810,98100
4,2021/07/04,2020000000000000,55,58,10,9810,98100
5,2021/07/04,2020000000000000,21,36,20,9810,196200
1,2021/07/05,2020000000000000,58,11,10,9960,99600
2,2021/07/05,2020000000000000,58,43,20,9950,199000
3,2021/07/05,2020000000000000,58,43,20,9940,198800
4,2021/07/05,2020000000000000,55,43,10,9850,98500
5,2021/07/05,2020000000000000,22,43,10,9900,99000
6,2021/07/05,2020000000000000,36,36,7,9800,68600
7,2021/07/05,2020000000000000,34,43,10,9900,99000
8,2021/07/05,2020000000000000,55,35,10,9810,98100
1,2021/07/06,2020000000000000,55,57,10,10050,100500
2,2021/07/06,2020000000000000,1,17,20,9996,199920
3,2021/07/06,2020000000000000,55,20,10,9999,99990
4,2021/07/06,2020000000000000,55,17,10,10000,100000
5,2021/07/06,2020000000000000,57,17,10,10000,100000
6,2021/07/06,2020000000000000,34,17,10,10000,100000
7,2021/07/06,2020000000000000,55,57,10,10200,102000
8,2021/07/06,2020000000000000,55,51,10,10200,102000
9,2021/07/06,2020000000000000,51,32,10,10200,102000
10,2021/07/06,2020000000000000,34,57,10,10200,102000
11,2021/07/06,2020000000000000,56,44,10,10200,102000
12,2021/07/06,2020000000000000,25,55,10,10200,102000
13,2021/07/06,2020000000000000,25,32,10,10000,100000
1,2021/07/08,2020000000000000,55,51,10,9999,99990
2,2021/07/08,2020000000000000,41,55,10,10000,100000
3,2021/07/08,2020000000000000,55,40,10,10000,100000
4,2021/07/08,2020000000000000,55,20,10,10100,101000
1,2021/07/11,2020000000000000,39,55,10,10421,104210
2,2021/07/11,2020000000000000,1,33,10,10420,104200
3,2021/07/11,2020000000000000,38,55,10,10325,103250
4,2021/07/11,2020000000000000,49,56,10,10375,103750
5,2021/07/11,2020000000000000,42,3,10,10426,104260
6,2021/07/11,2020000000000000,38,17,10,10401,104010
7,2021/07/11,2020000000000000,8,58,30,10450,313500
8,2021/07/11,2020000000000000,49,3,10,10500,105000
9,2021/07/11,2020000000000000,49,51,10,10500,105000
10,2021/07/11,2020000000000000,8,3,10,10450,104500
11,2021/07/11,2020000000000000,55,58,10,10401,104010
12,2021/07/11,2020000000000000,32,55,10,10609,106090
13,2021/07/11,2020000000000000,54,55,10,10401,104010
14,2021/07/11,2020000000000000,59,57,10,10198,101980
15,2021/07/11,2020000000000000,38,46,10,10198,101980
16,2021/07/11,2020000000000000,7,26,15,10140,152100
17,2021/07/11,2020000000000000,41,42,10,10140,101400
1,2021/07/12,2020000000000000,53,51,10,10022,100220
2,2021/07/12,2020000000000000,45,59,10,10020,100200
3,2021/07/12,2020000000000000,55,1,10,10030,100300
4,2021/07/12,2020000000000000,55,41,10,10100,101000
5,2021/07/12,2020000000000000,13,37,10,10220,102200
6,2021/07/12,2020000000000000,55,49,20,10218,204360
7,2021/07/12,2020000000000000,34,49,20,10405,208100
8,2021/07/12,2020000000000000,34,3,10,10405,104050
