#,Date,Transact. No,Buyer,Seller,Qty,Rate,Amount
1,2021/02/08,2021020803036412,35,45,50,208.0,10400.0
3,2021/02/08,2021020803034716,28,41,16,207.0,3312.0
5,2021/02/08,2021020803031376,11,11,20,208.0,4160.0
7,2021/02/08,2021020803030434,46,21,200,208.0,41600.0
9,2021/02/08,2021020803028692,39,21,10,208.0,2080.0
11,2021/02/08,2021020803027377,17,19,91,208.0,18928.0
13,2021/02/08,2021020803026702,39,25,10,208.0,2080.0
15,2021/02/08,2021020803024860,28,29,16,207.0,3312.0
17,2021/02/08,2021020803023207,35,25,30,208.0,6240.0
19,2021/02/08,2021020803023180,28,56,1214,208.0,252512.0
21,2021/02/08,2021020803020703,28,51,700,208.0,145600.0
23,2021/02/08,2021020803018514,28,56,1600,208.0,332800.0
25,2021/02/08,2021020803016484,55,56,650,209.0,135850.0
27,2021/02/08,2021020803014303,28,45,100,209.0,20900.0
29,2021/02/08,2021020803013328,55,44,200,207.0,41400.0
31,2021/02/08,2021020803010714,28,49,500,205.0,102500.0
33,2021/02/08,2021020803007039,38,36,200,208.0,41600.0
35,2021/02/08,2021020803004834,25,42,30,208.0,6240.0
37,2021/02/08,2021020803003129,8,21,140,210.0,29400.0
39,2021/02/07,2021020703032736,39,52,10,207.0,2070.0
41,2021/02/07,2021020703031989,52,52,490,206.0,100940.0
43,2021/02/07,2021020703031927,52,11,25,205.0,5125.0
45,2021/02/07,2021020703031923,52,10,529,205.0,108445.0
47,2021/02/07,2021020703031919,52,52,480,204.0,97920.0
49,2021/02/07,2021020703031479,8,13,120,202.0,24240.0
51,2021/02/08,2021020803036610,28,19,400,207.0,82800.0
53,2021/02/08,2021020803035258,39,45,10,208.0,2080.0
55,2021/02/08,2021020803031753,11,26,150,208.0,31200.0
57,2021/02/08,2021020803031024,17,21,42,208.0,8736.0
59,2021/02/08,2021020803029258,58,21,10,208.0,2080.0
61,2021/02/08,2021020803027478,49,19,122,208.0,25376.0
63,2021/02/08,2021020803027374,17,25,459,208.0,95472.0
65,2021/02/08,2021020803025556,28,33,200,207.0,41400.0
67,2021/02/08,2021020803023642,28,21,750,207.0,155250.0
69,2021/02/08,2021020803023204,28,25,201,208.0,41808.0
71,2021/02/08,2021020803020844,28,34,100,208.0,20800.0
73,2021/02/08,2021020803019029,28,11,50,208.0,10400.0
75,2021/02/08,2021020803016485,55,11,90,210.0,18900.0
77,2021/02/08,2021020803014919,55,13,42,207.0,8694.0
79,2021/02/08,2021020803014258,55,58,28,207.0,5796.0
81,2021/02/08,2021020803011314,58,49,10,207.0,2070.0
83,2021/02/08,2021020803007492,28,3,200,207.0,41400.0
85,2021/02/08,2021020803004835,52,42,170,208.0,35360.0
87,2021/02/08,2021020803003130,8,22,10,210.0,2100.0
89,2021/02/08,2021020803002316,33,8,10,210.0,2100.0
91,2021/02/07,2021020703031990,52,16,111,207.0,22977.0
93,2021/02/07,2021020703031928,52,43,490,205.0,100450.0
95,2021/02/07,2021020703031924,52,49,101,205.0,20705.0
97,2021/02/07,2021020703031920,52,34,80,204.0,16320.0
99,2021/02/07,2021020703031916,52,13,128,202.0,25856.0
101,2021/02/08,2021020803035989,39,45,10,208.0,2080.0
103,2021/02/08,2021020803031766,33,45,100,208.0,20800.0
105,2021/02/08,2021020803031375,11,56,42,208.0,8736.0
107,2021/02/08,2021020803030115,39,21,10,208.0,2080.0
109,2021/02/08,2021020803028673,28,57,28,207.0,5796.0
111,2021/02/08,2021020803027376,17,46,200,208.0,41600.0
113,2021/02/08,2021020803026066,28,49,200,207.0,41400.0
115,2021/02/08,2021020803024859,28,29,284,207.0,58788.0
117,2021/02/08,2021020803023206,38,25,200,208.0,41600.0
119,2021/02/08,2021020803021936,28,16,500,208.0,104000.0
121,2021/02/08,2021020803020002,28,8,30,208.0,6240.0
123,2021/02/08,2021020803016487,55,20,1000,210.0,210000.0
125,2021/02/08,2021020803016118,28,32,300,208.0,62400.0
127,2021/02/08,2021020803014302,28,52,2400,209.0,501600.0
129,2021/02/08,2021020803013327,55,49,430,207.0,89010.0
131,2021/02/08,2021020803008968,58,58,90,208.0,18720.0
133,2021/02/08,2021020803006840,28,45,100,207.0,20700.0
135,2021/02/08,2021020803003797,6,39,100,209.0,20900.0
137,2021/02/08,2021020803003128,8,45,250,210.0,52500.0
139,2021/02/07,2021020703032374,17,33,50,206.0,10300.0
141,2021/02/07,2021020703031952,39,52,10,206.0,2060.0
143,2021/02/07,2021020703031926,52,57,300,205.0,61500.0
145,2021/02/07,2021020703031922,52,52,500,205.0,102500.0
147,2021/02/07,2021020703031918,52,39,100,203.0,20300.0
149,2021/02/07,2021020703029409,8,13,60,203.0,12180.0
151,2021/02/08,2021020803035682,28,29,200,207.0,41400.0
153,2021/02/08,2021020803031765,11,45,350,208.0,72800.0
155,2021/02/08,2021020803031025,17,56,58,208.0,12064.0
157,2021/02/08,2021020803029873,28,45,255,207.0,52785.0
159,2021/02/08,2021020803027479,49,21,228,208.0,47424.0
161,2021/02/08,2021020803027375,17,49,250,208.0,52000.0
163,2021/02/08,2021020803026026,28,45,50,207.0,10350.0
165,2021/02/08,2021020803024539,28,7,266,207.0,55062.0
167,2021/02/08,2021020803023205,51,25,100,208.0,20800.0
169,2021/02/08,2021020803021021,28,35,80,208.0,16640.0
171,2021/02/08,2021020803019515,28,40,225,208.0,46800.0
173,2021/02/08,2021020803016486,55,34,10,210.0,2100.0
175,2021/02/08,2021020803015064,28,17,200,207.0,41400.0
177,2021/02/08,2021020803014301,28,59,1000,209.0,209000.0
179,2021/02/08,2021020803013326,55,41,300,206.0,61800.0
181,2021/02/08,2021020803008967,58,36,10,208.0,2080.0
183,2021/02/08,2021020803005390,52,36,30,208.0,6240.0
185,2021/02/08,2021020803003131,8,11,410,210.0,86100.0
187,2021/02/08,2021020803003127,8,8,190,210.0,39900.0
189,2021/02/07,2021020703031991,52,52,4399,207.0,910593.0
191,2021/02/07,2021020703031929,52,45,170,205.0,34850.0
193,2021/02/07,2021020703031925,52,29,1087,205.0,222835.0
195,2021/02/07,2021020703031921,52,35,250,204.0,51000.0
197,2021/02/07,2021020703031917,52,17,40,203.0,8120.0
199,2021/02/07,2021020703028952,39,52,10,204.0,2040.0
101,2021/02/07,2021020703028724,17,8,543,203.0,110229.0
103,2021/02/07,2021020703027974,17,58,77,203.0,15631.0
105,2021/02/07,2021020703027274,39,45,67,202.0,13534.0
107,2021/02/07,2021020703026667,21,3,500,201.0,100500.0
109,2021/02/07,2021020703025733,21,45,486,201.0,97686.0
111,2021/02/07,2021020703023706,41,33,25,200.0,5000.0
113,2021/02/07,2021020703023702,35,33,10,200.0,2000.0
115,2021/02/07,2021020703023680,1,52,66,201.0,13266.0
117,2021/02/07,2021020703021776,55,52,250,201.0,50250.0
119,2021/02/07,2021020703019879,58,6,100,201.0,20100.0
121,2021/02/07,2021020703016918,52,45,100,201.0,20100.0
123,2021/02/07,2021020703015078,28,32,400,205.0,82000.0
125,2021/02/07,2021020703015074,28,28,100,204.0,20400.0
127,2021/02/07,2021020703015070,28,39,100,203.0,20300.0
129,2021/02/07,2021020703014125,48,49,66,203.0,13398.0
131,2021/02/07,2021020703012917,28,45,33,200.0,6600.0
133,2021/02/07,2021020703008094,28,14,50,200.0,10000.0
135,2021/02/07,2021020703006819,28,36,310,200.0,62000.0
137,2021/02/07,2021020703004856,46,14,10,202.0,2020.0
139,2021/02/04,2021020403024467,14,21,90,202.0,18180.0
141,2021/02/04,2021020403024134,45,46,50,202.0,10100.0
143,2021/02/04,2021020403020337,17,1,610,201.0,122610.0
145,2021/02/04,2021020403018147,50,16,97,202.0,19594.0
147,2021/02/04,2021020403017799,17,45,15,202.0,3030.0
149,2021/02/04,2021020403017375,17,45,500,202.0,101000.0
151,2021/02/07,2021020703027976,17,6,300,203.0,60900.0
153,2021/02/07,2021020703027972,17,52,490,203.0,99470.0
155,2021/02/07,2021020703027195,29,45,300,202.0,60600.0
157,2021/02/07,2021020703026221,21,41,187,201.0,37587.0
159,2021/02/07,2021020703023985,17,33,230,200.0,46000.0
161,2021/02/07,2021020703023704,48,33,100,200.0,20000.0
163,2021/02/07,2021020703023682,1,45,14,201.0,2814.0
165,2021/02/07,2021020703023131,51,39,970,200.0,194000.0
167,2021/02/07,2021020703020495,58,52,121,201.0,24321.0
169,2021/02/07,2021020703017925,58,3,50,201.0,10050.0
171,2021/02/07,2021020703015080,28,58,423,205.0,86715.0
173,2021/02/07,2021020703015076,28,38,200,204.0,40800.0
175,2021/02/07,2021020703015072,28,41,400,204.0,81600.0
177,2021/02/07,2021020703014334,17,39,50,203.0,10150.0
179,2021/02/07,2021020703014040,34,48,10,203.0,2030.0
181,2021/02/07,2021020703009826,28,3,1000,200.0,200000.0
183,2021/02/07,2021020703007590,28,28,172,200.0,34400.0
185,2021/02/07,2021020703005187,6,36,300,200.0,60000.0
187,2021/02/07,2021020703001067,20,43,10,205.0,2050.0
189,2021/02/04,2021020403024349,14,49,60,202.0,12120.0
191,2021/02/04,2021020403023013,45,6,50,202.0,10100.0
193,2021/02/04,2021020403018696,17,43,63,201.0,12663.0
195,2021/02/04,2021020403017972,50,45,93,202.0,18786.0
197,2021/02/04,2021020403017752,11,1,15,202.0,3030.0
199,2021/02/04,2021020403017308,34,1,1000,201.0,201000.0
201,2021/02/07,2021020703027975,17,22,490,203.0,99470.0
203,2021/02/07,2021020703027935,39,52,10,203.0,2030.0
205,2021/02/07,2021020703026993,21,45,23,201.0,4623.0
207,2021/02/07,2021020703025734,21,14,50,201.0,10050.0
209,2021/02/07,2021020703023707,49,33,40,200.0,8000.0
211,2021/02/07,2021020703023703,22,33,25,200.0,5000.0
213,2021/02/07,2021020703023681,1,4,20,201.0,4020.0
215,2021/02/07,2021020703022196,51,58,30,200.0,6000.0
217,2021/02/07,2021020703020008,58,57,80,201.0,16080.0
219,2021/02/07,2021020703017924,35,3,450,201.0,90450.0
221,2021/02/07,2021020703015079,28,16,90,205.0,18450.0
223,2021/02/07,2021020703015075,28,41,1000,204.0,204000.0
225,2021/02/07,2021020703015071,28,48,26,203.0,5278.0
227,2021/02/07,2021020703014126,48,22,38,204.0,7752.0
229,2021/02/07,2021020703013376,28,28,190,200.0,38000.0
231,2021/02/07,2021020703009427,28,28,154,200.0,30800.0
233,2021/02/07,2021020703006820,28,56,60,200.0,12000.0
235,2021/02/07,2021020703004889,46,36,90,202.0,18180.0
237,2021/02/04,2021020403025302,17,6,150,201.0,30150.0
239,2021/02/04,2021020403024135,14,46,50,202.0,10100.0
241,2021/02/04,2021020403021916,20,22,10,203.0,2030.0
243,2021/02/04,2021020403018340,53,16,103,202.0,20806.0
245,2021/02/04,2021020403017892,17,45,499,202.0,100798.0
247,2021/02/04,2021020403017376,17,1,500,202.0,101000.0
249,2021/02/04,2021020403017307,35,1,200,201.0,40200.0
251,2021/02/07,2021020703028028,39,52,10,204.0,2040.0
253,2021/02/07,2021020703027973,17,42,100,203.0,20300.0
255,2021/02/07,2021020703027196,29,45,150,202.0,30300.0
257,2021/02/07,2021020703026519,21,17,20,201.0,4020.0
259,2021/02/07,2021020703024952,17,45,100,200.0,20000.0
261,2021/02/07,2021020703023705,21,33,50,200.0,10000.0
263,2021/02/07,2021020703023701,45,33,170,200.0,34000.0
265,2021/02/07,2021020703023132,45,39,30,200.0,6000.0
267,2021/02/07,2021020703021775,21,52,25,201.0,5025.0
269,2021/02/07,2021020703018436,20,45,100,202.0,20200.0
271,2021/02/07,2021020703016240,34,45,50,202.0,10100.0
273,2021/02/07,2021020703015077,28,25,1000,205.0,205000.0
275,2021/02/07,2021020703015073,28,22,442,204.0,90168.0
277,2021/02/07,2021020703014918,56,39,100,203.0,20300.0
279,2021/02/07,2021020703014124,48,48,16,203.0,3248.0
281,2021/02/07,2021020703010446,28,26,100,200.0,20000.0
283,2021/02/07,2021020703007774,28,45,150,200.0,30000.0
285,2021/02/07,2021020703005188,49,36,300,200.0,60000.0
287,2021/02/07,2021020703002677,32,40,28,201.0,5628.0
289,2021/02/04,2021020403024393,20,22,10,203.0,2030.0
291,2021/02/04,2021020403023918,45,47,400,202.0,80800.0
293,2021/02/04,2021020403018845,17,43,63,201.0,12663.0
295,2021/02/04,2021020403018118,50,34,10,202.0,2020.0
297,2021/02/04,2021020403017798,17,1,485,202.0,97970.0
299,2021/02/04,2021020403017309,57,1,200,201.0,40200.0
201,2021/02/04,2021020403014987,21,28,84,201.0,16884.0
203,2021/02/04,2021020403014445,34,1,100,201.0,20100.0
205,2021/02/04,2021020403008866,37,28,100,200.0,20000.0
207,2021/02/04,2021020403007851,37,19,67,200.0,13400.0
209,2021/02/04,2021020403007847,5,19,15,202.0,3030.0
211,2021/02/04,2021020403003883,21,14,1110,203.0,225330.0
213,2021/02/04,2021020403001676,5,38,100,202.0,20200.0
215,2021/02/03,2021020303026262,45,42,58,202.0,11716.0
217,2021/02/03,2021020303025307,59,14,32,203.0,6496.0
219,2021/02/03,2021020303024940,34,28,76,201.0,15276.0
221,2021/02/03,2021020303024867,34,28,24,201.0,4824.0
223,2021/02/03,2021020303023633,42,22,554,202.0,111908.0
225,2021/02/03,2021020303022596,3,52,338,200.0,67600.0
227,2021/02/03,2021020303022592,53,52,250,201.0,50250.0
229,2021/02/03,2021020303022588,39,52,239,201.0,48039.0
231,2021/02/03,2021020303021783,48,50,300,201.0,60300.0
233,2021/02/03,2021020303021687,35,56,50,203.0,10150.0
235,2021/02/03,2021020303017970,52,22,150,203.0,30450.0
237,2021/02/03,2021020303016887,33,13,25,204.0,5100.0
239,2021/02/03,2021020303014951,36,56,240,204.0,48960.0
241,2021/02/03,2021020303014724,37,56,300,205.0,61500.0
243,2021/02/03,2021020303013061,17,34,400,206.0,82400.0
245,2021/02/03,2021020303011344,52,17,80,203.0,16240.0
247,2021/02/03,2021020303009427,55,48,106,207.0,21942.0
249,2021/02/03,2021020303007609,26,48,50,207.0,10350.0
251,2021/02/04,2021020403015365,21,37,489,203.0,99267.0
253,2021/02/04,2021020403014446,29,1,10,201.0,2010.0
255,2021/02/04,2021020403012582,29,13,51,203.0,10353.0
257,2021/02/04,2021020403007879,42,41,100,203.0,20300.0
259,2021/02/04,2021020403007848,38,19,200,202.0,40400.0
261,2021/02/04,2021020403006184,21,28,91,203.0,18473.0
263,2021/02/04,2021020403002199,5,58,500,202.0,101000.0
265,2021/02/03,2021020303026489,33,52,50,205.0,10250.0
267,2021/02/03,2021020303025308,59,14,66,203.0,13398.0
269,2021/02/03,2021020303024941,17,28,306,201.0,61506.0
271,2021/02/03,2021020303024873,34,14,32,203.0,6496.0
273,2021/02/03,2021020303024864,58,28,20,204.0,4080.0
275,2021/02/03,2021020303023319,28,22,50,202.0,10100.0
277,2021/02/03,2021020303022593,40,52,700,201.0,140700.0
279,2021/02/03,2021020303022589,49,52,200,201.0,40200.0
281,2021/02/03,2021020303022179,52,22,108,202.0,21816.0
283,2021/02/03,2021020303021688,49,56,200,202.0,40400.0
285,2021/02/03,2021020303019164,52,41,150,203.0,30450.0
287,2021/02/03,2021020303016888,52,13,225,203.0,45675.0
289,2021/02/03,2021020303015017,52,56,1210,203.0,245630.0
291,2021/02/03,2021020303014752,45,56,200,204.0,40800.0
293,2021/02/03,2021020303014272,17,38,800,205.0,164000.0
295,2021/02/03,2021020303011858,28,42,100,205.0,20500.0
297,2021/02/03,2021020303009428,55,50,108,207.0,22356.0
299,2021/02/03,2021020303008291,5,1,70,204.0,14280.0
301,2021/02/04,2021020403016007,36,1,100,202.0,20200.0
303,2021/02/04,2021020403014479,21,1,30,201.0,6030.0
305,2021/02/04,2021020403013574,17,19,650,200.0,130000.0
307,2021/02/04,2021020403007908,17,52,500,203.0,101500.0
309,2021/02/04,2021020403007850,53,19,260,200.0,52000.0
311,2021/02/04,2021020403007229,5,45,300,202.0,60600.0
313,2021/02/04,2021020403003402,5,16,20,202.0,4040.0
315,2021/02/04,2021020403001266,5,42,41,202.0,8282.0
317,2021/02/03,2021020303025698,55,32,2000,202.0,404000.0
319,2021/02/03,2021020303025128,17,34,250,201.0,50250.0
321,2021/02/03,2021020303024939,43,28,100,201.0,20100.0
323,2021/02/03,2021020303024866,34,28,100,202.0,20200.0
325,2021/02/03,2021020303023533,14,22,50,202.0,10100.0
327,2021/02/03,2021020303022595,7,52,500,200.0,100000.0
329,2021/02/03,2021020303022591,10,52,100,201.0,20100.0
331,2021/02/03,2021020303022346,39,6,261,201.0,52461.0
333,2021/02/03,2021020303021690,48,56,61,201.0,12261.0
335,2021/02/03,2021020303021686,42,56,150,203.0,30450.0
337,2021/02/03,2021020303017909,52,38,386,203.0,78358.0
339,2021/02/03,2021020303016368,52,11,75,203.0,15225.0
341,2021/02/03,2021020303014754,14,56,250,204.0,51000.0
343,2021/02/03,2021020303014723,42,56,200,205.0,41000.0
345,2021/02/03,2021020303013060,17,14,300,205.0,61500.0
347,2021/02/03,2021020303011343,48,17,20,203.0,4060.0
349,2021/02/03,2021020303009426,55,49,166,206.0,34196.0
351,2021/02/04,2021020403015419,21,1,390,203.0,79170.0
353,2021/02/04,2021020403014447,51,1,260,201.0,52260.0
355,2021/02/04,2021020403012766,29,39,299,203.0,60697.0
357,2021/02/04,2021020403007907,17,41,351,203.0,71253.0
359,2021/02/04,2021020403007849,52,19,108,201.0,21708.0
361,2021/02/04,2021020403006327,21,41,49,203.0,9947.0
363,2021/02/04,2021020403002391,5,26,24,202.0,4848.0
365,2021/02/03,2021020303026968,51,52,300,205.0,61500.0
367,2021/02/03,2021020303025361,59,52,10,205.0,2050.0
369,2021/02/03,2021020303025024,17,28,100,201.0,20100.0
371,2021/02/03,2021020303024938,34,28,18,203.0,3654.0
373,2021/02/03,2021020303024865,42,28,56,202.0,11312.0
375,2021/02/03,2021020303023485,42,38,40,201.0,8040.0
377,2021/02/03,2021020303022594,16,52,500,200.0,100000.0
379,2021/02/03,2021020303022590,21,52,100,201.0,20100.0
381,2021/02/03,2021020303022345,48,6,139,201.0,27939.0
383,2021/02/03,2021020303021689,21,56,50,202.0,10100.0
385,2021/02/03,2021020303021685,52,56,124,203.0,25172.0
387,2021/02/03,2021020303017908,59,38,3000,203.0,609000.0
389,2021/02/03,2021020303016223,33,11,25,204.0,5100.0
391,2021/02/03,2021020303014753,51,56,500,204.0,102000.0
393,2021/02/03,2021020303014722,17,56,500,205.0,102500.0
395,2021/02/03,2021020303012937,28,14,200,205.0,41000.0
397,2021/02/03,2021020303011283,53,8,100,205.0,20500.0
399,2021/02/03,2021020303008292,48,1,80,203.0,16240.0
301,2021/02/03,2021020303007608,42,48,50,207.0,10350.0
303,2021/02/03,2021020303000012,6,45,10,219.0,2190.0
305,2021/02/02,2021020203025075,53,35,100,209.0,20900.0
307,2021/02/02,2021020203021827,1,11,119,207.0,24633.0
309,2021/02/02,2021020203021823,57,11,1526,208.0,317408.0
311,2021/02/02,2021020203020471,39,44,10,211.0,2110.0
313,2021/02/02,2021020203019914,21,29,190,210.0,39900.0
315,2021/02/02,2021020203018509,39,39,10,209.0,2090.0
317,2021/02/02,2021020203016523,57,13,200,208.0,41600.0
319,2021/02/02,2021020203014976,40,56,325,210.0,68250.0
321,2021/02/02,2021020203013885,57,41,200,210.0,42000.0
323,2021/02/02,2021020203010965,32,19,100,208.0,20800.0
325,2021/02/02,2021020203010765,39,26,25,210.0,5250.0
327,2021/02/02,2021020203008872,49,45,40,210.0,8400.0
329,2021/02/02,2021020203008022,55,56,200,210.0,42000.0
331,2021/02/02,2021020203007314,55,44,400,210.0,84000.0
333,2021/02/02,2021020203006513,39,40,50,212.0,10600.0
335,2021/02/02,2021020203004791,28,32,61,210.0,12810.0
337,2021/02/02,2021020203003728,58,49,300,209.0,62700.0
339,2021/02/02,2021020203002412,39,41,130,207.0,26910.0
341,2021/02/02,2021020203001933,39,39,10,207.0,2070.0
343,2021/02/02,2021020203001233,8,49,100,210.0,21000.0
345,2021/02/02,2021020203000712,38,17,100,211.0,21100.0
347,2021/02/02,2021020203000258,22,16,100,215.0,21500.0
349,2021/02/01,2021020103022895,39,39,10,213.0,2130.0
351,2021/02/03,2021020303001987,58,10,70,215.0,15050.0
353,2021/02/02,2021020203025640,58,35,740,209.0,154660.0
355,2021/02/02,2021020203024224,1,17,100,207.0,20700.0
357,2021/02/02,2021020203021825,35,11,500,208.0,104000.0
359,2021/02/02,2021020203021360,50,11,47,210.0,9870.0
361,2021/02/02,2021020203019916,21,47,100,210.0,21000.0
363,2021/02/02,2021020203019276,21,39,205,209.0,42845.0
365,2021/02/02,2021020203017740,21,39,30,209.0,6270.0
367,2021/02/02,2021020203015497,57,45,25,208.0,5200.0
369,2021/02/02,2021020203014974,57,26,25,210.0,5250.0
371,2021/02/02,2021020203010967,20,19,242,207.0,50094.0
373,2021/02/02,2021020203010963,32,19,100,209.0,20900.0
375,2021/02/02,2021020203010693,22,54,10,210.0,2100.0
377,2021/02/02,2021020203008491,45,19,100,210.0,21000.0
379,2021/02/02,2021020203007790,55,28,200,210.0,42000.0
381,2021/02/02,2021020203006793,55,32,129,210.0,27090.0
383,2021/02/02,2021020203006248,55,47,500,211.0,105500.0
385,2021/02/02,2021020203004174,28,52,739,210.0,155190.0
387,2021/02/02,2021020203003392,22,49,100,210.0,21000.0
389,2021/02/02,2021020203002369,39,1,100,207.0,20700.0
391,2021/02/02,2021020203001674,52,54,20,210.0,4200.0
393,2021/02/02,2021020203000811,26,29,500,208.0,104000.0
395,2021/02/02,2021020203000353,39,50,490,211.0,103390.0
397,2021/02/01,2021020103023998,5,35,35,214.0,7490.0
399,2021/02/01,2021020103022728,39,58,74,209.0,15466.0
401,2021/02/03,2021020303001986,58,51,30,210.0,6300.0
403,2021/02/02,2021020203025589,58,35,50,209.0,10450.0
405,2021/02/02,2021020203022258,39,35,10,210.0,2100.0
407,2021/02/02,2021020203021824,54,11,2000,208.0,416000.0
409,2021/02/02,2021020203020826,28,11,300,210.0,63000.0
411,2021/02/02,2021020203019915,21,21,51,210.0,10710.0
413,2021/02/02,2021020203018723,46,39,500,209.0,104500.0
415,2021/02/02,2021020203017465,21,39,100,209.0,20900.0
417,2021/02/02,2021020203015300,40,45,75,210.0,15750.0
419,2021/02/02,2021020203014366,57,34,50,210.0,10500.0
421,2021/02/02,2021020203010966,39,19,200,207.0,41400.0
423,2021/02/02,2021020203010962,5,19,28,209.0,5852.0
425,2021/02/02,2021020203008886,39,45,60,210.0,12600.0
427,2021/02/02,2021020203008490,55,19,228,210.0,47880.0
429,2021/02/02,2021020203007684,55,34,18,210.0,3780.0
431,2021/02/02,2021020203006514,39,17,50,212.0,10600.0
433,2021/02/02,2021020203006247,55,42,500,210.0,105000.0
435,2021/02/02,2021020203003729,22,49,99,209.0,20691.0
437,2021/02/02,2021020203002413,11,41,70,207.0,14490.0
439,2021/02/02,2021020203001993,28,6,100,211.0,21100.0
441,2021/02/02,2021020203001594,26,1,500,208.0,104000.0
443,2021/02/02,2021020203000743,57,29,500,208.0,104000.0
445,2021/02/02,2021020203000352,41,50,10,211.0,2110.0
447,2021/02/01,2021020103023259,39,39,10,215.0,2150.0
449,2021/02/01,2021020103022727,39,35,100,208.0,20800.0
451,2021/02/03,2021020303005256,51,57,100,211.0,21100.0
453,2021/02/02,2021020203025641,58,40,10,209.0,2090.0
455,2021/02/02,2021020203024525,47,35,100,209.0,20900.0
457,2021/02/02,2021020203021826,20,11,258,207.0,53406.0
459,2021/02/02,2021020203021822,3,11,250,209.0,52250.0
461,2021/02/02,2021020203020262,59,6,500,210.0,105000.0
463,2021/02/02,2021020203019415,39,29,10,210.0,2100.0
465,2021/02/02,2021020203017792,57,41,249,208.0,51792.0
467,2021/02/02,2021020203016013,11,39,155,209.0,32395.0
469,2021/02/02,2021020203014975,57,56,475,210.0,99750.0
471,2021/02/02,2021020203013884,57,17,250,210.0,52500.0
473,2021/02/02,2021020203010964,11,19,230,209.0,48070.0
475,2021/02/02,2021020203010764,39,54,40,210.0,8400.0
477,2021/02/02,2021020203008492,5,19,972,209.0,203148.0
479,2021/02/02,2021020203007791,55,59,425,210.0,89250.0
481,2021/02/02,2021020203006902,55,58,400,210.0,84000.0
483,2021/02/02,2021020203006512,39,41,158,212.0,33496.0
485,2021/02/02,2021020203004175,28,13,100,210.0,21000.0
487,2021/02/02,2021020203003683,39,52,200,210.0,42000.0
489,2021/02/02,2021020203002372,39,39,10,207.0,2070.0
491,2021/02/02,2021020203001852,39,54,80,210.0,16800.0
493,2021/02/02,2021020203001012,39,10,100,210.0,21000.0
495,2021/02/02,2021020203000618,39,32,10,211.0,2110.0
497,2021/02/02,2021020203000069,38,49,300,215.0,64500.0
499,2021/02/01,2021020103022729,39,43,218,209.0,45562.0
401,2021/02/01,2021020103022724,39,56,150,207.0,31050.0
403,2021/02/01,2021020103022720,39,42,500,205.0,102500.0
405,2021/02/01,2021020103022716,39,32,650,204.0,132600.0
407,2021/02/01,2021020103021565,4,1,50,200.0,10000.0
409,2021/02/01,2021020103021097,17,26,310,203.0,62930.0
411,2021/02/01,2021020103019512,58,26,80,205.0,16400.0
413,2021/02/01,2021020103017861,41,48,197,199.0,39203.0
415,2021/02/01,2021020103017516,41,32,490,198.0,97020.0
417,2021/02/01,2021020103017074,39,14,500,197.0,98500.0
419,2021/02/01,2021020103017070,39,52,900,197.0,177300.0
421,2021/02/01,2021020103017066,39,17,50,196.0,9800.0
423,2021/02/01,2021020103014517,21,55,500,194.0,97000.0
425,2021/02/01,2021020103011736,6,52,200,195.0,39000.0
427,2021/02/01,2021020103011251,7,13,227,195.0,44265.0
429,2021/02/01,2021020103009260,52,52,1210,193.0,233530.0
431,2021/02/01,2021020103007888,38,52,100,193.0,19300.0
433,2021/02/01,2021020103007805,28,38,97,195.0,18915.0
435,2021/02/01,2021020103007256,19,6,200,194.0,38800.0
437,2021/02/01,2021020103006317,43,48,100,193.0,19300.0
439,2021/02/01,2021020103003202,39,38,56,194.0,10864.0
441,2021/02/01,2021020103002713,6,41,100,193.0,19300.0
443,2021/01/31,2021013103026054,22,57,100,196.0,19600.0
445,2021/01/31,2021013103025246,29,25,530,195.0,103350.0
447,2021/01/31,2021013103024647,52,39,300,194.0,58200.0
449,2021/01/31,2021013103024549,33,53,50,194.0,9700.0
451,2021/02/01,2021020103022726,39,36,500,208.0,104000.0
453,2021/02/01,2021020103022722,39,13,400,206.0,82400.0
455,2021/02/01,2021020103022718,39,55,1000,205.0,205000.0
457,2021/02/01,2021020103022714,39,26,90,203.0,18270.0
459,2021/02/01,2021020103021563,41,1,10,201.0,2010.0
461,2021/02/01,2021020103020172,53,32,100,203.0,20300.0
463,2021/02/01,2021020103019229,39,26,10,205.0,2050.0
465,2021/02/01,2021020103017708,6,39,100,199.0,19900.0
467,2021/02/01,2021020103017134,58,39,10,195.0,1950.0
469,2021/02/01,2021020103017072,39,14,280,197.0,55160.0
471,2021/02/01,2021020103017068,39,29,19,196.0,3724.0
473,2021/02/01,2021020103017064,39,47,2991,196.0,586236.0
475,2021/02/01,2021020103013643,52,43,100,193.0,19300.0
477,2021/02/01,2021020103011381,58,52,500,193.0,96500.0
479,2021/02/01,2021020103009262,17,52,440,192.0,84480.0
481,2021/02/01,2021020103009258,51,52,100,194.0,19400.0
483,2021/02/01,2021020103007886,14,52,1000,193.0,193000.0
485,2021/02/01,2021020103007325,51,49,267,195.0,52065.0
487,2021/02/01,2021020103007095,19,49,500,195.0,97500.0
489,2021/02/01,2021020103005422,52,40,90,194.0,17460.0
491,2021/02/01,2021020103002880,10,38,100,194.0,19400.0
493,2021/02/01,2021020103002375,13,57,466,194.0,90404.0
495,2021/01/31,2021013103025248,17,25,370,195.0,72150.0
497,2021/01/31,2021013103024805,29,55,28,195.0,5460.0
499,2021/01/31,2021013103024551,45,53,40,194.0,7760.0
501,2021/02/01,2021020103022725,39,32,250,208.0,52000.0
503,2021/02/01,2021020103022721,39,39,10,206.0,2060.0
505,2021/02/01,2021020103022717,39,51,100,204.0,20400.0
507,2021/02/01,2021020103021628,4,1,190,200.0,38000.0
509,2021/02/01,2021020103021387,52,32,50,204.0,10200.0
511,2021/02/01,2021020103019798,53,29,50,204.0,10200.0
513,2021/02/01,2021020103018554,39,26,10,202.0,2020.0
515,2021/02/01,2021020103017517,41,19,500,198.0,99000.0
517,2021/02/01,2021020103017075,39,52,1000,197.0,197000.0
519,2021/02/01,2021020103017071,39,18,100,197.0,19700.0
521,2021/02/01,2021020103017067,39,14,300,196.0,58800.0
523,2021/02/01,2021020103017063,39,59,2190,195.0,427050.0
525,2021/02/01,2021020103013126,19,39,300,194.0,58200.0
527,2021/02/01,2021020103011380,22,52,300,193.0,57900.0
529,2021/02/01,2021020103009261,39,52,100,193.0,19300.0
531,2021/02/01,2021020103007889,52,52,11142,193.0,2150406.0
533,2021/02/01,2021020103007885,14,52,50,194.0,9700.0
535,2021/02/01,2021020103007257,19,49,300,195.0,58500.0
537,2021/02/01,2021020103006318,51,48,233,193.0,44969.0
539,2021/02/01,2021020103005401,52,42,10,194.0,1940.0
541,2021/02/01,2021020103002714,41,41,35,193.0,6755.0
543,2021/01/31,2021013103026103,26,57,15,196.0,2940.0
545,2021/01/31,2021013103025247,43,25,100,195.0,19500.0
547,2021/01/31,2021013103024665,10,55,500,195.0,97500.0
549,2021/01/31,2021013103024550,33,53,400,194.0,77600.0
551,2021/02/01,2021020103022723,39,57,100,207.0,20700.0
553,2021/02/01,2021020103022719,39,1,190,205.0,38950.0
555,2021/02/01,2021020103022715,39,51,100,204.0,20400.0
557,2021/02/01,2021020103021564,5,1,30,200.0,6000.0
559,2021/02/01,2021020103020173,57,32,100,203.0,20300.0
561,2021/02/01,2021020103019421,53,29,50,204.0,10200.0
563,2021/02/01,2021020103017860,52,48,100,199.0,19900.0
565,2021/02/01,2021020103017372,6,32,10,198.0,1980.0
567,2021/02/01,2021020103017073,39,57,100,197.0,19700.0
569,2021/02/01,2021020103017069,39,52,500,197.0,98500.0
571,2021/02/01,2021020103017065,39,44,50,196.0,9800.0
573,2021/02/01,2021020103014516,21,39,250,194.0,48500.0
575,2021/02/01,2021020103011735,6,13,23,195.0,4485.0
577,2021/02/01,2021020103009358,17,52,1000,192.0,192000.0
579,2021/02/01,2021020103009259,42,52,150,194.0,29100.0
581,2021/02/01,2021020103007887,56,52,60,193.0,11580.0
583,2021/02/01,2021020103007804,28,49,1133,195.0,220935.0
585,2021/02/01,2021020103007118,38,6,200,194.0,38800.0
587,2021/02/01,2021020103006170,14,40,110,194.0,21340.0
589,2021/02/01,2021020103002910,51,38,10,194.0,1940.0
591,2021/02/01,2021020103002389,13,38,34,194.0,6596.0
593,2021/01/31,2021013103025833,39,57,10,196.0,1960.0
595,2021/01/31,2021013103024806,29,50,72,195.0,14040.0
597,2021/01/31,2021013103024552,52,53,2560,194.0,496640.0
599,2021/01/31,2021013103024548,52,53,100,194.0,19400.0
501,2021/01/31,2021013103024547,35,53,50,194.0,9700.0
503,2021/01/31,2021013103024543,49,53,800,194.0,155200.0
505,2021/01/31,2021013103023121,50,32,700,195.0,136500.0
507,2021/01/31,2021013103021646,19,57,500,196.0,98000.0
509,2021/01/31,2021013103020838,32,13,972,197.0,191484.0
511,2021/01/31,2021013103019354,20,10,45,196.0,8820.0
513,2021/01/31,2021013103018725,21,41,50,196.0,9800.0
515,2021/01/31,2021013103017375,28,28,23,196.0,4508.0
517,2021/01/31,2021013103016751,55,58,100,199.0,19900.0
519,2021/01/31,2021013103014546,28,32,10,196.0,1960.0
521,2021/01/31,2021013103013707,41,59,43,197.0,8471.0
523,2021/01/31,2021013103011140,22,40,18,198.0,3564.0
525,2021/01/31,2021013103009750,39,42,118,197.0,23246.0
527,2021/01/31,2021013103008349,21,29,285,199.0,56715.0
529,2021/01/31,2021013103007359,52,6,108,197.0,21276.0
531,2021/01/31,2021013103006938,39,29,500,199.0,99500.0
533,2021/01/31,2021013103006149,22,1,25,200.0,5000.0
535,2021/01/28,2021012803027775,29,34,50,203.0,10150.0
537,2021/01/28,2021012803026984,29,13,910,203.0,184730.0
539,2021/01/28,2021012803026628,37,29,10,203.0,2030.0
541,2021/01/28,2021012803025028,47,17,300,203.0,60900.0
543,2021/01/28,2021012803024249,55,19,32,204.0,6528.0
545,2021/01/28,2021012803022588,6,25,945,202.0,190890.0
547,2021/01/28,2021012803022584,28,25,755,203.0,153265.0
549,2021/01/28,2021012803021384,28,52,855,203.0,173565.0
551,2021/01/31,2021013103024546,3,53,400,194.0,77600.0
553,2021/01/31,2021013103024392,49,52,200,194.0,38800.0
555,2021/01/31,2021013103022618,50,58,300,195.0,58500.0
557,2021/01/31,2021013103021645,19,57,300,196.0,58800.0
559,2021/01/31,2021013103020837,32,56,28,197.0,5516.0
561,2021/01/31,2021013103018914,20,39,500,196.0,98000.0
563,2021/01/31,2021013103018724,58,41,320,196.0,62720.0
565,2021/01/31,2021013103017200,42,28,200,197.0,39400.0
567,2021/01/31,2021013103016064,5,40,180,198.0,35640.0
569,2021/01/31,2021013103014400,28,22,15,196.0,2940.0
571,2021/01/31,2021013103012529,41,45,57,197.0,11229.0
573,2021/01/31,2021013103010543,49,50,55,197.0,10835.0
575,2021/01/31,2021013103009062,54,50,30,199.0,5970.0
577,2021/01/31,2021013103007820,39,57,250,197.0,49250.0
579,2021/01/31,2021013103007197,21,29,65,199.0,12935.0
581,2021/01/31,2021013103006937,38,29,50,200.0,10000.0
583,2021/01/31,2021013103003703,52,49,27,200.0,5400.0
585,2021/01/28,2021012803027127,29,33,100,203.0,20300.0
587,2021/01/28,2021012803026970,36,48,200,204.0,40800.0
589,2021/01/28,2021012803025585,3,26,500,204.0,102000.0
591,2021/01/28,2021012803025027,29,17,600,203.0,121800.0
593,2021/01/28,2021012803023480,29,48,100,203.0,20300.0
595,2021/01/28,2021012803022587,37,25,1000,202.0,202000.0
597,2021/01/28,2021012803022193,28,48,200,203.0,40600.0
599,2021/01/28,2021012803020557,28,4,25,203.0,5075.0
601,2021/01/31,2021013103024545,28,53,400,194.0,77600.0
603,2021/01/31,2021013103023353,42,55,32,195.0,6240.0
605,2021/01/31,2021013103022276,21,57,10,196.0,1960.0
607,2021/01/31,2021013103021644,37,57,841,196.0,164836.0
609,2021/01/31,2021013103019477,37,48,159,196.0,31164.0
611,2021/01/31,2021013103018727,20,41,1279,196.0,250684.0
613,2021/01/31,2021013103018723,28,41,168,196.0,32928.0
615,2021/01/31,2021013103017199,5,28,777,197.0,153069.0
617,2021/01/31,2021013103015243,5,36,23,197.0,4531.0
619,2021/01/31,2021013103013830,28,59,262,196.0,51352.0
621,2021/01/31,2021013103012470,35,45,30,197.0,5910.0
623,2021/01/31,2021013103010475,43,45,100,197.0,19700.0
625,2021/01/31,2021013103008911,21,50,65,199.0,12935.0
627,2021/01/31,2021013103007361,39,6,132,197.0,26004.0
629,2021/01/31,2021013103007030,39,29,100,199.0,19900.0
631,2021/01/31,2021013103006151,38,1,150,200.0,30000.0
633,2021/01/31,2021013103003033,52,57,40,200.0,8000.0
635,2021/01/28,2021012803027126,36,33,100,203.0,20300.0
637,2021/01/28,2021012803026969,36,26,65,204.0,13260.0
639,2021/01/28,2021012803025341,48,26,300,204.0,61200.0
641,2021/01/28,2021012803024489,48,26,50,204.0,10200.0
643,2021/01/28,2021012803023243,29,1,300,203.0,60900.0
645,2021/01/28,2021012803022586,48,25,100,202.0,20200.0
647,2021/01/28,2021012803021908,49,19,18,204.0,3672.0
649,2021/01/28,2021012803020452,28,14,1120,203.0,227360.0
651,2021/01/31,2021013103024544,49,53,200,194.0,38800.0
653,2021/01/31,2021013103023122,42,32,268,195.0,52260.0
655,2021/01/31,2021013103021647,42,57,50,196.0,9800.0
657,2021/01/31,2021013103021402,58,13,10,197.0,1970.0
659,2021/01/31,2021013103019476,20,48,176,196.0,34496.0
661,2021/01/31,2021013103018726,43,41,100,196.0,19600.0
663,2021/01/31,2021013103018183,28,36,23,196.0,4508.0
665,2021/01/31,2021013103017142,5,58,30,199.0,5970.0
667,2021/01/31,2021013103015002,5,45,200,197.0,39400.0
669,2021/01/31,2021013103013708,49,59,250,197.0,49250.0
671,2021/01/31,2021013103012469,49,45,113,197.0,22261.0
673,2021/01/31,2021013103009751,49,42,82,197.0,16154.0
675,2021/01/31,2021013103008484,45,56,10,200.0,2000.0
677,2021/01/31,2021013103007360,48,6,120,197.0,23640.0
679,2021/01/31,2021013103006939,37,29,1000,199.0,199000.0
681,2021/01/31,2021013103006150,38,1,25,200.0,5000.0
683,2021/01/28,2021012803028405,28,6,50,204.0,10200.0
685,2021/01/28,2021012803027125,1,33,300,203.0,60900.0
687,2021/01/28,2021012803026629,29,29,90,203.0,18270.0
689,2021/01/28,2021012803025029,37,17,490,203.0,99470.0
691,2021/01/28,2021012803024250,55,26,85,204.0,17340.0
693,2021/01/28,2021012803023242,43,1,200,203.0,40600.0
695,2021/01/28,2021012803022585,17,25,200,203.0,40600.0
697,2021/01/28,2021012803021385,28,52,45,203.0,9135.0
699,2021/01/28,2021012803020376,38,14,50,203.0,10150.0
601,2021/01/28,2021012803020375,28,14,1000,203.0,203000.0
603,2021/01/28,2021012803020338,38,49,200,203.0,40600.0
605,2021/01/28,2021012803019385,49,19,31,204.0,6324.0
607,2021/01/28,2021012803018542,56,19,31,206.0,6386.0
609,2021/01/28,2021012803018055,56,52,51,206.0,10506.0
611,2021/01/28,2021012803017619,28,17,1000,203.0,203000.0
613,2021/01/28,2021012803017592,52,17,108,203.0,21924.0
615,2021/01/28,2021012803017588,41,17,10,204.0,2040.0
617,2021/01/28,2021012803017558,56,6,200,206.0,41200.0
619,2021/01/28,2021012803016248,42,28,400,203.0,81200.0
621,2021/01/28,2021012803015031,1,6,200,203.0,40600.0
623,2021/01/28,2021012803012267,37,57,179,203.0,36337.0
625,2021/01/28,2021012803011661,47,57,500,205.0,102500.0
627,2021/01/28,2021012803007072,37,34,469,204.0,95676.0
629,2021/01/28,2021012803005470,53,56,500,205.0,102500.0
631,2021/01/28,2021012803004152,52,54,100,205.0,20500.0
633,2021/01/27,2021012703020587,48,56,180,207.0,37260.0
635,2021/01/27,2021012703019933,38,6,100,208.0,20800.0
637,2021/01/27,2021012703018771,17,56,1306,208.0,271648.0
639,2021/01/27,2021012703018347,50,56,50,209.0,10450.0
641,2021/01/27,2021012703017580,22,45,11,209.0,2299.0
643,2021/01/27,2021012703017025,39,34,39,210.0,8190.0
645,2021/01/27,2021012703015960,49,41,20,212.0,4240.0
647,2021/01/27,2021012703015819,20,52,200,211.0,42200.0
649,2021/01/27,2021012703015815,20,52,200,210.0,42000.0
651,2021/01/28,2021012803020339,45,49,70,203.0,14210.0
653,2021/01/28,2021012803019390,49,52,51,204.0,10404.0
655,2021/01/28,2021012803018670,56,55,587,206.0,120922.0
657,2021/01/28,2021012803018358,13,49,80,207.0,16560.0
659,2021/01/28,2021012803017840,28,41,24,203.0,4872.0
661,2021/01/28,2021012803017593,39,17,200,203.0,40600.0
663,2021/01/28,2021012803017589,17,17,500,204.0,102000.0
665,2021/01/28,2021012803017559,56,48,400,206.0,82400.0
667,2021/01/28,2021012803016638,42,11,50,203.0,10150.0
669,2021/01/28,2021012803015897,1,34,21,203.0,4263.0
671,2021/01/28,2021012803012435,37,33,500,203.0,101500.0
673,2021/01/28,2021012803012264,37,57,21,204.0,4284.0
675,2021/01/28,2021012803007485,48,32,200,205.0,41000.0
677,2021/01/28,2021012803006011,48,39,450,205.0,92250.0
679,2021/01/28,2021012803005203,56,26,60,205.0,12300.0
681,2021/01/27,2021012703022304,39,6,100,208.0,20800.0
683,2021/01/27,2021012703020584,20,56,1210,207.0,250470.0
685,2021/01/27,2021012703019166,17,37,54,208.0,11232.0
687,2021/01/27,2021012703018750,38,56,871,209.0,182039.0
689,2021/01/27,2021012703017779,22,56,79,209.0,16511.0
691,2021/01/27,2021012703017217,39,45,10,210.0,2100.0
693,2021/01/27,2021012703016051,47,13,500,210.0,105000.0
695,2021/01/27,2021012703015820,20,20,39,211.0,8229.0
697,2021/01/27,2021012703015816,20,28,10,210.0,2100.0
699,2021/01/27,2021012703014692,17,29,65,208.0,13520.0
701,2021/01/28,2021012803020374,25,14,100,203.0,20300.0
703,2021/01/28,2021012803020337,28,49,630,203.0,127890.0
705,2021/01/28,2021012803019063,28,19,31,203.0,6293.0
707,2021/01/28,2021012803018360,13,53,20,207.0,4140.0
709,2021/01/28,2021012803018032,56,19,31,206.0,6386.0
711,2021/01/28,2021012803017595,28,17,265,203.0,53795.0
713,2021/01/28,2021012803017591,37,17,500,203.0,101500.0
715,2021/01/28,2021012803017583,41,17,50,204.0,10200.0
717,2021/01/28,2021012803017557,56,55,1000,206.0,206000.0
719,2021/01/28,2021012803016121,42,16,50,203.0,10150.0
721,2021/01/28,2021012803012503,1,17,79,203.0,16037.0
723,2021/01/28,2021012803012266,39,57,100,204.0,20400.0
725,2021/01/28,2021012803009837,59,21,500,205.0,102500.0
727,2021/01/28,2021012803007071,6,34,50,204.0,10200.0
729,2021/01/28,2021012803005469,53,26,190,205.0,38950.0
731,2021/01/28,2021012803001321,21,21,50,208.0,10400.0
733,2021/01/27,2021012703020586,48,56,500,207.0,103500.0
735,2021/01/27,2021012703019932,17,6,40,208.0,8320.0
737,2021/01/27,2021012703018770,17,56,65,208.0,13520.0
739,2021/01/27,2021012703017995,17,28,500,208.0,104000.0
741,2021/01/27,2021012703017372,22,28,310,209.0,64790.0
743,2021/01/27,2021012703017024,51,34,10,210.0,2100.0
745,2021/01/27,2021012703015822,20,41,93,212.0,19716.0
747,2021/01/27,2021012703015818,20,45,552,211.0,116472.0
749,2021/01/27,2021012703015814,20,52,160,210.0,33600.0
751,2021/01/28,2021012803020373,45,14,430,203.0,87290.0
753,2021/01/28,2021012803020302,28,17,50,203.0,10150.0
755,2021/01/28,2021012803018671,43,55,100,206.0,20600.0
757,2021/01/28,2021012803018359,13,26,100,207.0,20700.0
759,2021/01/28,2021012803017901,56,57,100,206.0,20600.0
761,2021/01/28,2021012803017594,42,17,200,203.0,40600.0
763,2021/01/28,2021012803017590,42,17,91,203.0,18473.0
765,2021/01/28,2021012803017560,56,57,900,206.0,185400.0
767,2021/01/28,2021012803017556,56,26,100,205.0,20500.0
769,2021/01/28,2021012803015898,42,34,29,203.0,5887.0
771,2021/01/28,2021012803012502,37,17,321,203.0,65163.0
773,2021/01/28,2021012803012265,39,57,200,204.0,40800.0
775,2021/01/28,2021012803008174,37,58,10,204.0,2040.0
777,2021/01/28,2021012803007070,28,34,71,204.0,14484.0
779,2021/01/28,2021012803005403,28,49,129,204.0,26316.0
781,2021/01/28,2021012803000904,59,45,60,212.0,12720.0
783,2021/01/27,2021012703020585,56,56,10,207.0,2070.0
785,2021/01/27,2021012703019766,17,48,100,208.0,20800.0
787,2021/01/27,2021012703018769,38,56,129,209.0,26961.0
789,2021/01/27,2021012703017869,17,52,100,208.0,20800.0
791,2021/01/27,2021012703017371,34,28,190,209.0,39710.0
793,2021/01/27,2021012703016277,22,45,100,211.0,21100.0
795,2021/01/27,2021012703015821,20,55,500,211.0,105500.0
797,2021/01/27,2021012703015817,20,25,246,210.0,51660.0
799,2021/01/27,2021012703015795,34,28,10,209.0,2090.0
701,2021/01/27,2021012703014690,49,52,50,210.0,10500.0
703,2021/01/27,2021012703014303,36,28,10,210.0,2100.0
705,2021/01/27,2021012703013497,11,49,200,210.0,42000.0
707,2021/01/27,2021012703013262,17,49,20,210.0,4200.0
709,2021/01/27,2021012703012276,20,52,500,211.0,105500.0
711,2021/01/27,2021012703011551,17,52,20,210.0,4200.0
713,2021/01/27,2021012703010762,56,14,83,211.0,17513.0
715,2021/01/27,2021012703010638,56,49,200,210.0,42000.0
717,2021/01/27,2021012703009461,17,45,2000,208.0,416000.0
719,2021/01/27,2021012703008791,51,44,951,211.0,200661.0
721,2021/01/27,2021012703008495,17,25,499,210.0,104790.0
723,2021/01/27,2021012703008231,49,45,40,209.0,8360.0
725,2021/01/27,2021012703007225,35,44,500,211.0,105500.0
727,2021/01/27,2021012703006369,20,59,200,212.0,42400.0
729,2021/01/27,2021012703006365,20,49,2000,212.0,424000.0
731,2021/01/27,2021012703005906,20,55,500,211.0,105500.0
733,2021/01/27,2021012703005902,20,50,150,210.0,31500.0
735,2021/01/27,2021012703004480,34,58,17,207.0,3519.0
737,2021/01/27,2021012703003356,39,22,286,208.0,59488.0
739,2021/01/27,2021012703002473,39,54,10,208.0,2080.0
741,2021/01/27,2021012703001241,41,33,50,204.0,10200.0
743,2021/01/26,2021012603026576,39,10,683,209.0,142747.0
745,2021/01/26,2021012603025449,49,10,100,211.0,21100.0
747,2021/01/26,2021012603024019,58,10,200,212.0,42400.0
749,2021/01/26,2021012603023876,44,13,89,211.0,18779.0
751,2021/01/27,2021012703014691,58,29,35,209.0,7315.0
753,2021/01/27,2021012703014304,36,52,300,210.0,63000.0
755,2021/01/27,2021012703013498,17,49,430,209.0,89870.0
757,2021/01/27,2021012703013263,6,49,100,210.0,21000.0
759,2021/01/27,2021012703012277,20,52,483,211.0,101913.0
761,2021/01/27,2021012703011594,17,52,480,210.0,100800.0
763,2021/01/27,2021012703010881,39,52,200,210.0,42000.0
765,2021/01/27,2021012703010759,56,44,517,211.0,109087.0
767,2021/01/27,2021012703009462,20,45,790,207.0,163530.0
769,2021/01/27,2021012703008841,17,38,200,209.0,41800.0
771,2021/01/27,2021012703008496,17,55,51,210.0,10710.0
773,2021/01/27,2021012703008232,20,45,500,209.0,104500.0
775,2021/01/27,2021012703007611,21,44,32,211.0,6752.0
777,2021/01/27,2021012703006435,20,52,528,214.0,112992.0
779,2021/01/27,2021012703006366,20,3,500,212.0,106000.0
781,2021/01/27,2021012703005907,20,44,1000,211.0,211000.0
783,2021/01/27,2021012703005903,20,28,500,210.0,105000.0
785,2021/01/27,2021012703004481,55,58,83,206.0,17098.0
787,2021/01/27,2021012703003357,39,29,50,208.0,10400.0
789,2021/01/27,2021012703003301,39,39,10,204.0,2040.0
791,2021/01/27,2021012703001242,38,33,50,204.0,10200.0
793,2021/01/26,2021012603027371,41,34,10,211.0,2110.0
795,2021/01/26,2021012603025450,3,10,300,211.0,63300.0
797,2021/01/26,2021012603024467,16,29,31,211.0,6541.0
799,2021/01/26,2021012603023877,45,13,100,211.0,21100.0
801,2021/01/27,2021012703014305,36,52,90,210.0,18900.0
803,2021/01/27,2021012703013499,29,49,100,209.0,20900.0
805,2021/01/27,2021012703013264,39,49,200,209.0,41800.0
807,2021/01/27,2021012703012995,56,52,17,211.0,3587.0
809,2021/01/27,2021012703012274,20,14,17,211.0,3587.0
811,2021/01/27,2021012703011397,58,45,20,210.0,4200.0
813,2021/01/27,2021012703010760,56,41,200,211.0,42200.0
815,2021/01/27,2021012703010262,17,58,500,208.0,104000.0
817,2021/01/27,2021012703009459,17,45,1340,209.0,280060.0
819,2021/01/27,2021012703008512,34,34,1,206.0,206.0
821,2021/01/27,2021012703008474,17,45,460,209.0,96140.0
823,2021/01/27,2021012703007688,55,34,50,210.0,10500.0
825,2021/01/27,2021012703006436,20,52,10,215.0,2150.0
827,2021/01/27,2021012703006367,20,41,2000,212.0,424000.0
829,2021/01/27,2021012703006363,20,55,500,212.0,106000.0
831,2021/01/27,2021012703005904,20,40,53,210.0,11130.0
833,2021/01/27,2021012703005383,54,46,15,207.0,3105.0
835,2021/01/27,2021012703003358,39,56,250,208.0,52000.0
837,2021/01/27,2021012703003354,39,54,190,208.0,39520.0
839,2021/01/27,2021012703002452,38,55,50,204.0,10200.0
841,2021/01/26,2021012603027374,19,45,30,210.0,6300.0
843,2021/01/26,2021012603026339,6,10,142,210.0,29820.0
845,2021/01/26,2021012603025192,16,59,75,211.0,15825.0
847,2021/01/26,2021012603023878,18,13,100,211.0,21100.0
849,2021/01/26,2021012603023223,19,10,250,212.0,53000.0
851,2021/01/27,2021012703014407,36,52,100,210.0,21000.0
853,2021/01/27,2021012703013500,17,49,1270,208.0,264160.0
855,2021/01/27,2021012703013265,17,49,570,209.0,119130.0
857,2021/01/27,2021012703012996,56,45,123,211.0,25953.0
859,2021/01/27,2021012703012275,20,52,500,211.0,105500.0
861,2021/01/27,2021012703011550,17,45,980,210.0,205800.0
863,2021/01/27,2021012703010761,56,49,100,211.0,21100.0
865,2021/01/27,2021012703010637,56,49,500,210.0,105000.0
867,2021/01/27,2021012703009460,20,45,1000,208.0,208000.0
869,2021/01/27,2021012703008790,51,55,49,210.0,10290.0
871,2021/01/27,2021012703008494,17,34,450,210.0,94500.0
873,2021/01/27,2021012703008072,35,34,500,210.0,105000.0
875,2021/01/27,2021012703006577,21,52,30,215.0,6450.0
877,2021/01/27,2021012703006368,20,41,108,212.0,22896.0
879,2021/01/27,2021012703006364,20,52,38,212.0,8056.0
881,2021/01/27,2021012703005905,20,45,100,210.0,21000.0
883,2021/01/27,2021012703005901,20,41,100,208.0,20800.0
885,2021/01/27,2021012703004025,42,28,30,210.0,6300.0
887,2021/01/27,2021012703003355,39,52,100,208.0,20800.0
889,2021/01/27,2021012703002472,39,17,50,207.0,10350.0
891,2021/01/27,2021012703000388,55,54,1000,208.0,208000.0
893,2021/01/26,2021012603026380,44,10,200,210.0,42000.0
895,2021/01/26,2021012603025448,16,10,683,211.0,144113.0
897,2021/01/26,2021012603023879,16,13,211,211.0,44521.0
899,2021/01/26,2021012603023626,32,10,1000,212.0,212000.0
801,2021/01/26,2021012603023175,44,50,25,211.0,5275.0
803,2021/01/26,2021012603022213,44,58,200,211.0,42200.0
805,2021/01/26,2021012603022164,46,57,10,211.0,2110.0
807,2021/01/26,2021012603020680,57,10,700,212.0,148400.0
809,2021/01/26,2021012603020462,59,58,40,211.0,8440.0
811,2021/01/26,2021012603018306,39,45,10,211.0,2110.0
813,2021/01/26,2021012603018219,11,59,1364,208.0,283712.0
815,2021/01/26,2021012603018215,57,59,370,209.0,77330.0
817,2021/01/26,2021012603017915,21,16,80,210.0,16800.0
819,2021/01/26,2021012603017295,38,34,140,211.0,29540.0
821,2021/01/26,2021012603017033,29,45,975,212.0,206700.0
823,2021/01/26,2021012603016652,29,14,50,213.0,10650.0
825,2021/01/26,2021012603016367,29,41,1000,212.0,212000.0
827,2021/01/26,2021012603016279,38,25,75,210.0,15750.0
829,2021/01/26,2021012603015201,52,29,299,210.0,62790.0
831,2021/01/26,2021012603014251,10,56,300,209.0,62700.0
833,2021/01/26,2021012603014247,50,56,100,209.0,20900.0
835,2021/01/26,2021012603014002,49,29,200,210.0,42000.0
837,2021/01/26,2021012603013998,6,29,30,211.0,6330.0
839,2021/01/26,2021012603012403,32,45,167,210.0,35070.0
841,2021/01/26,2021012603012097,25,38,21,211.0,4431.0
843,2021/01/26,2021012603011521,25,25,331,211.0,69841.0
845,2021/01/26,2021012603011218,29,22,500,210.0,105000.0
847,2021/01/26,2021012603011027,25,53,670,210.0,140700.0
849,2021/01/26,2021012603010856,38,11,70,211.0,14770.0
851,2021/01/26,2021012603022887,21,10,22,212.0,4664.0
853,2021/01/26,2021012603022212,57,58,300,211.0,63300.0
855,2021/01/26,2021012603021768,46,44,90,211.0,18990.0
857,2021/01/26,2021012603020563,39,10,10,212.0,2120.0
859,2021/01/26,2021012603020461,59,45,40,211.0,8440.0
861,2021/01/26,2021012603018222,50,59,273,208.0,56784.0
863,2021/01/26,2021012603018218,22,59,10,209.0,2090.0
865,2021/01/26,2021012603018214,52,59,60,209.0,12540.0
867,2021/01/26,2021012603017539,52,4,48,209.0,10032.0
869,2021/01/26,2021012603017101,59,45,1065,212.0,225780.0
871,2021/01/26,2021012603016922,42,58,50,213.0,10650.0
873,2021/01/26,2021012603016651,29,13,300,213.0,63900.0
875,2021/01/26,2021012603016366,29,29,225,212.0,47700.0
877,2021/01/26,2021012603015553,38,49,20,210.0,4200.0
879,2021/01/26,2021012603014935,29,34,237,209.0,49533.0
881,2021/01/26,2021012603014250,51,56,1000,209.0,209000.0
883,2021/01/26,2021012603014246,55,56,50,209.0,10450.0
885,2021/01/26,2021012603014001,46,29,100,210.0,21000.0
887,2021/01/26,2021012603013579,22,29,100,212.0,21200.0
889,2021/01/26,2021012603012402,29,45,100,210.0,21000.0
891,2021/01/26,2021012603012078,52,29,200,212.0,42400.0
893,2021/01/26,2021012603011480,57,25,15,211.0,3165.0
895,2021/01/26,2021012603011217,55,22,500,210.0,105000.0
897,2021/01/26,2021012603010983,49,53,100,211.0,21100.0
899,2021/01/26,2021012603010855,33,11,40,211.0,8440.0
901,2021/01/26,2021012603022253,39,10,10,212.0,2120.0
903,2021/01/26,2021012603022165,45,57,100,211.0,21100.0
905,2021/01/26,2021012603020870,29,10,500,212.0,106000.0
907,2021/01/26,2021012603020463,59,57,392,211.0,82712.0
909,2021/01/26,2021012603019121,6,45,10,210.0,2100.0
911,2021/01/26,2021012603018220,6,59,50,208.0,10400.0
913,2021/01/26,2021012603018216,29,59,100,209.0,20900.0
915,2021/01/26,2021012603018146,21,4,40,210.0,8400.0
917,2021/01/26,2021012603017296,38,34,107,210.0,22470.0
919,2021/01/26,2021012603017034,39,45,25000,212.0,5300000.0
921,2021/01/26,2021012603016653,29,58,150,213.0,31950.0
923,2021/01/26,2021012603016368,29,58,500,212.0,106000.0
925,2021/01/26,2021012603016353,38,4,48,210.0,10080.0
927,2021/01/26,2021012603015372,38,36,250,210.0,52500.0
929,2021/01/26,2021012603014252,55,56,637,209.0,133133.0
931,2021/01/26,2021012603014248,29,56,50,209.0,10450.0
933,2021/01/26,2021012603014003,29,29,137,210.0,28770.0
935,2021/01/26,2021012603013999,32,29,433,210.0,90930.0
937,2021/01/26,2021012603012515,43,29,200,212.0,42400.0
939,2021/01/26,2021012603012144,57,45,17,210.0,3570.0
941,2021/01/26,2021012603011782,25,11,40,211.0,8440.0
943,2021/01/26,2021012603011219,17,22,131,210.0,27510.0
945,2021/01/26,2021012603011215,49,22,20,211.0,4220.0
947,2021/01/26,2021012603010980,49,29,100,212.0,21200.0
949,2021/01/26,2021012603009706,33,45,80,211.0,16880.0
951,2021/01/26,2021012603022853,34,10,100,212.0,21200.0
953,2021/01/26,2021012603022166,44,57,186,211.0,39246.0
955,2021/01/26,2021012603021147,29,10,100,212.0,21200.0
957,2021/01/26,2021012603020464,59,49,500,211.0,105500.0
959,2021/01/26,2021012603019357,6,4,48,210.0,10080.0
961,2021/01/26,2021012603018221,42,59,100,208.0,20800.0
963,2021/01/26,2021012603018217,34,59,30,209.0,6270.0
965,2021/01/26,2021012603018147,49,4,7,210.0,1470.0
967,2021/01/26,2021012603017297,59,34,153,210.0,32130.0
969,2021/01/26,2021012603017092,22,45,300,212.0,63600.0
971,2021/01/26,2021012603016736,29,28,200,212.0,42400.0
973,2021/01/26,2021012603016370,29,3,100,212.0,21200.0
975,2021/01/26,2021012603016365,29,4,1000,211.0,211000.0
977,2021/01/26,2021012603015534,57,4,1000,211.0,211000.0
979,2021/01/26,2021012603014934,55,34,363,209.0,75867.0
981,2021/01/26,2021012603014249,38,56,500,209.0,104500.0
983,2021/01/26,2021012603014245,29,56,363,210.0,76230.0
985,2021/01/26,2021012603014000,57,29,100,210.0,21000.0
987,2021/01/26,2021012603012818,49,29,30,212.0,6360.0
989,2021/01/26,2021012603012401,57,45,33,210.0,6930.0
991,2021/01/26,2021012603012045,25,45,100,211.0,21100.0
993,2021/01/26,2021012603011229,17,1,100,210.0,21000.0
995,2021/01/26,2021012603011216,25,22,330,210.0,69300.0
997,2021/01/26,2021012603010982,38,53,30,211.0,6330.0
999,2021/01/26,2021012603010337,33,45,100,211.0,21100.0
901,2021/01/26,2021012603009503,17,45,20,211.0,4220.0
903,2021/01/26,2021012603008519,44,48,100,213.0,21300.0
905,2021/01/26,2021012603008515,44,37,100,211.0,21100.0
907,2021/01/26,2021012603008285,58,40,50,210.0,10500.0
909,2021/01/26,2021012603007439,59,58,1969,208.0,409552.0
911,2021/01/26,2021012603007234,17,8,25,209.0,5225.0
913,2021/01/26,2021012603006870,52,4,700,207.0,144900.0
915,2021/01/26,2021012603005560,51,10,513,209.0,107217.0
917,2021/01/26,2021012603005014,56,54,200,211.0,42200.0
919,2021/01/26,2021012603004796,57,28,61,210.0,12810.0
921,2021/01/26,2021012603004670,59,10,290,210.0,60900.0
923,2021/01/26,2021012603004613,13,47,90,210.0,18900.0
925,2021/01/26,2021012603004474,57,3,289,208.0,60112.0
927,2021/01/26,2021012603004222,19,37,290,208.0,60320.0
929,2021/01/26,2021012603004053,55,8,15,206.0,3090.0
931,2021/01/26,2021012603003589,6,28,200,204.0,40800.0
933,2021/01/26,2021012603003341,34,39,200,204.0,40800.0
935,2021/01/26,2021012603002910,41,55,25,206.0,5150.0
937,2021/01/26,2021012603002786,45,33,50,207.0,10350.0
939,2021/01/26,2021012603001013,51,58,800,216.0,172800.0
941,2021/01/26,2021012603000628,20,57,200,217.0,43400.0
943,2021/01/24,2021012403035140,48,42,1000,232.0,232000.0
945,2021/01/24,2021012403034991,43,57,200,231.0,46200.0
947,2021/01/24,2021012403034242,6,37,109,232.0,25288.0
949,2021/01/24,2021012403034114,19,28,139,232.0,32248.0
951,2021/01/26,2021012603008520,44,11,290,214.0,62060.0
953,2021/01/26,2021012603008516,44,58,1000,212.0,212000.0
955,2021/01/26,2021012603008286,58,43,450,210.0,94500.0
957,2021/01/26,2021012603007440,59,58,870,208.0,180960.0
959,2021/01/26,2021012603007335,48,41,200,209.0,41800.0
961,2021/01/26,2021012603006948,11,55,636,208.0,132288.0
963,2021/01/26,2021012603005561,43,10,200,209.0,41800.0
965,2021/01/26,2021012603005200,22,57,27,210.0,5670.0
967,2021/01/26,2021012603004797,21,28,52,210.0,10920.0
969,2021/01/26,2021012603004671,59,1,2277,210.0,478170.0
971,2021/01/26,2021012603004614,13,44,10,210.0,2100.0
973,2021/01/26,2021012603004482,52,10,100,209.0,20900.0
975,2021/01/26,2021012603004242,19,37,200,208.0,41600.0
977,2021/01/26,2021012603004207,19,37,10,207.0,2070.0
979,2021/01/26,2021012603003590,41,28,122,204.0,24888.0
981,2021/01/26,2021012603003444,4,39,25,204.0,5100.0
983,2021/01/26,2021012603002911,4,55,15,205.0,3075.0
985,2021/01/26,2021012603002787,52,33,50,206.0,10300.0
987,2021/01/26,2021012603001656,52,3,50,212.0,10600.0
989,2021/01/26,2021012603000691,20,41,506,217.0,109802.0
991,2021/01/24,2021012403035216,10,32,40,232.0,9280.0
993,2021/01/24,2021012403034992,16,57,500,231.0,115500.0
995,2021/01/24,2021012403034279,5,37,891,232.0,206712.0
997,2021/01/24,2021012403034115,19,1,211,233.0,49163.0
999,2021/01/24,2021012403034064,43,28,218,232.0,50576.0
1001,2021/01/26,2021012603009268,56,29,60,212.0,12720.0
1003,2021/01/26,2021012603008518,44,48,200,213.0,42600.0
1005,2021/01/26,2021012603008514,44,41,180,210.0,37800.0
1007,2021/01/26,2021012603008090,49,41,93,210.0,19530.0
1009,2021/01/26,2021012603007386,48,58,10,208.0,2080.0
1011,2021/01/26,2021012603007208,17,22,31,209.0,6479.0
1013,2021/01/26,2021012603006762,38,4,300,208.0,62400.0
1015,2021/01/26,2021012603005486,43,41,77,210.0,16170.0
1017,2021/01/26,2021012603004827,51,28,287,208.0,59696.0
1019,2021/01/26,2021012603004711,57,36,100,210.0,21000.0
1021,2021/01/26,2021012603004648,51,10,10,210.0,2100.0
1023,2021/01/26,2021012603004592,57,47,10,210.0,2100.0
1025,2021/01/26,2021012603004473,11,3,161,208.0,33488.0
1027,2021/01/26,2021012603004221,19,28,110,208.0,22880.0
1029,2021/01/26,2021012603004022,6,8,10,206.0,2060.0
1031,2021/01/26,2021012603003588,29,28,78,204.0,15912.0
1033,2021/01/26,2021012603003222,41,41,100,205.0,20500.0
1035,2021/01/26,2021012603002789,41,33,35,206.0,7210.0
1037,2021/01/26,2021012603002578,4,10,15,209.0,3135.0
1039,2021/01/26,2021012603000968,52,43,50,217.0,10850.0
1041,2021/01/26,2021012603000089,57,16,250,221.0,55250.0
1043,2021/01/24,2021012403035047,52,37,900,232.0,208800.0
1045,2021/01/24,2021012403034990,52,57,108,231.0,24948.0
1047,2021/01/24,2021012403034241,6,21,191,233.0,44503.0
1049,2021/01/24,2021012403034066,45,28,50,232.0,11600.0
1051,2021/01/26,2021012603009015,26,29,85,212.0,18020.0
1053,2021/01/26,2021012603008517,44,34,30,212.0,6360.0
1055,2021/01/26,2021012603008513,44,43,100,210.0,21000.0
1057,2021/01/26,2021012603007474,48,58,130,208.0,27040.0
1059,2021/01/26,2021012603007375,41,58,290,209.0,60610.0
1061,2021/01/26,2021012603007207,17,10,259,209.0,54131.0
1063,2021/01/26,2021012603006289,58,10,28,209.0,5852.0
1065,2021/01/26,2021012603005485,43,57,123,210.0,25830.0
1067,2021/01/26,2021012603004798,8,28,500,209.0,104500.0
1069,2021/01/26,2021012603004672,59,36,200,210.0,42000.0
1071,2021/01/26,2021012603004647,51,44,90,210.0,18900.0
1073,2021/01/26,2021012603004487,39,10,85,209.0,17765.0
1075,2021/01/26,2021012603004407,11,37,2839,208.0,590512.0
1077,2021/01/26,2021012603004208,19,28,390,208.0,81120.0
1079,2021/01/26,2021012603003653,52,28,100,204.0,20400.0
1081,2021/01/26,2021012603003499,29,39,122,204.0,24888.0
1083,2021/01/26,2021012603003221,41,55,61,205.0,12505.0
1085,2021/01/26,2021012603002788,4,33,15,206.0,3090.0
1087,2021/01/26,2021012603001901,51,41,400,210.0,84000.0
1089,2021/01/26,2021012603000769,20,41,294,217.0,63798.0
1091,2021/01/26,2021012603000041,57,41,50,220.0,11000.0
1093,2021/01/24,2021012403034993,39,57,192,231.0,44352.0
1095,2021/01/24,2021012403034435,1,37,100,232.0,23200.0
1097,2021/01/24,2021012403034186,42,1,12,233.0,2796.0
1099,2021/01/24,2021012403034065,22,28,100,232.0,23200.0
1001,2021/01/24,2021012403034063,33,28,250,232.0,58000.0
1003,2021/01/24,2021012403033860,52,28,643,233.0,149819.0
1005,2021/01/24,2021012403033683,29,52,315,234.0,73710.0
1007,2021/01/24,2021012403033317,29,6,900,234.0,210600.0
1009,2021/01/24,2021012403033157,52,43,200,233.0,46600.0
1011,2021/01/24,2021012403033037,48,17,143,233.0,33319.0
1013,2021/01/24,2021012403032528,52,52,1000,234.0,234000.0
1015,2021/01/24,2021012403031741,28,17,780,234.0,182520.0
1017,2021/01/24,2021012403031514,52,17,100,234.0,23400.0
1019,2021/01/24,2021012403031229,14,45,150,235.0,35250.0
1021,2021/01/24,2021012403030091,6,17,200,235.0,47000.0
1023,2021/01/24,2021012403029379,52,57,212,235.0,49820.0
1025,2021/01/24,2021012403029070,6,57,138,235.0,32430.0
1027,2021/01/24,2021012403026816,6,58,86,235.0,20210.0
1029,2021/01/24,2021012403026487,34,35,100,236.0,23600.0
1031,2021/01/24,2021012403025898,1,17,100,237.0,23700.0
1033,2021/01/24,2021012403024637,3,32,200,235.0,47000.0
1035,2021/01/24,2021012403023678,21,25,21,235.0,4935.0
1037,2021/01/24,2021012403023211,38,17,10,234.0,2340.0
1039,2021/01/24,2021012403022877,50,39,250,235.0,58750.0
1041,2021/01/24,2021012403022821,57,58,100,235.0,23500.0
1043,2021/01/24,2021012403022678,54,10,400,236.0,94400.0
1045,2021/01/24,2021012403020980,48,50,350,234.0,81900.0
1047,2021/01/24,2021012403020897,13,25,100,235.0,23500.0
1049,2021/01/24,2021012403020615,48,25,790,235.0,185650.0
1051,2021/01/24,2021012403033862,25,28,50,233.0,11650.0
1053,2021/01/24,2021012403033779,52,52,400,233.0,93200.0
1055,2021/01/24,2021012403033319,29,32,180,234.0,42120.0
1057,2021/01/24,2021012403033205,52,55,1200,233.0,279600.0
1059,2021/01/24,2021012403033039,52,17,857,233.0,199681.0
1061,2021/01/24,2021012403032622,44,32,20,234.0,4680.0
1063,2021/01/24,2021012403032483,28,17,600,234.0,140400.0
1065,2021/01/24,2021012403031739,53,17,500,234.0,117000.0
1067,2021/01/24,2021012403031240,14,55,40,235.0,9400.0
1069,2021/01/24,2021012403030506,35,6,200,236.0,47200.0
1071,2021/01/24,2021012403029400,22,6,20,236.0,4720.0
1073,2021/01/24,2021012403029072,52,57,500,235.0,117500.0
1075,2021/01/24,2021012403027847,50,6,100,236.0,23600.0
1077,2021/01/24,2021012403026722,3,25,12,235.0,2820.0
1079,2021/01/24,2021012403025900,11,17,500,236.0,118000.0
1081,2021/01/24,2021012403024639,3,45,10,235.0,2350.0
1083,2021/01/24,2021012403024625,3,25,1000,235.0,235000.0
1085,2021/01/24,2021012403023506,52,16,350,234.0,81900.0
1087,2021/01/24,2021012403022966,50,25,250,235.0,58750.0
1089,2021/01/24,2021012403022875,39,39,50,235.0,11750.0
1091,2021/01/24,2021012403022680,16,10,237,236.0,55932.0
1093,2021/01/24,2021012403021097,28,17,178,238.0,42364.0
1095,2021/01/24,2021012403020899,35,25,250,234.0,58500.0
1097,2021/01/24,2021012403020787,39,39,500,234.0,117000.0
1099,2021/01/24,2021012403020396,48,25,100,236.0,23600.0
1101,2021/01/24,2021012403034062,16,28,500,232.0,116000.0
1103,2021/01/24,2021012403033830,52,52,1000,233.0,233000.0
1105,2021/01/24,2021012403033320,29,52,185,234.0,43290.0
1107,2021/01/24,2021012403033235,52,57,10,233.0,2330.0
1109,2021/01/24,2021012403033045,52,25,5000,233.0,1165000.0
1111,2021/01/24,2021012403032960,48,42,357,233.0,83181.0
1113,2021/01/24,2021012403032527,28,52,3120,234.0,730080.0
1115,2021/01/24,2021012403031740,52,17,200,234.0,46800.0
1117,2021/01/24,2021012403031513,56,17,50,234.0,11700.0
1119,2021/01/24,2021012403030858,52,44,1000,235.0,235000.0
1121,2021/01/24,2021012403029632,6,43,200,235.0,47000.0
1123,2021/01/24,2021012403029231,49,57,100,235.0,23500.0
1125,2021/01/24,2021012403027960,6,26,152,235.0,35720.0
1127,2021/01/24,2021012403026815,3,58,14,235.0,3290.0
1129,2021/01/24,2021012403026029,3,17,1108,236.0,261488.0
1131,2021/01/24,2021012403025298,41,19,50,236.0,11800.0
1133,2021/01/24,2021012403024636,3,25,164,235.0,38540.0
1135,2021/01/24,2021012403023628,52,49,100,234.0,23400.0
1137,2021/01/24,2021012403022967,42,25,1000,235.0,235000.0
1139,2021/01/24,2021012403022876,56,39,200,235.0,47000.0
1141,2021/01/24,2021012403022681,47,10,30,236.0,7080.0
1143,2021/01/24,2021012403022214,54,11,100,236.0,23600.0
1145,2021/01/24,2021012403020900,48,25,150,234.0,35100.0
1147,2021/01/24,2021012403020798,16,47,101,235.0,23735.0
1149,2021/01/24,2021012403020515,58,25,1000,236.0,236000.0
1151,2021/01/24,2021012403033861,45,28,50,233.0,11650.0
1153,2021/01/24,2021012403033684,29,28,185,234.0,43290.0
1155,2021/01/24,2021012403033318,29,42,235,234.0,54990.0
1157,2021/01/24,2021012403033166,52,32,150,233.0,34950.0
1159,2021/01/24,2021012403033038,48,17,500,233.0,116500.0
1161,2021/01/24,2021012403032529,44,52,80,234.0,18720.0
1163,2021/01/24,2021012403032133,28,29,500,234.0,117000.0
1165,2021/01/24,2021012403031542,52,17,100,234.0,23400.0
1167,2021/01/24,2021012403031239,14,55,150,235.0,35250.0
1169,2021/01/24,2021012403030317,29,6,500,236.0,118000.0
1171,2021/01/24,2021012403029380,52,22,240,235.0,56400.0
1173,2021/01/24,2021012403029071,16,57,50,235.0,11750.0
1175,2021/01/24,2021012403027458,6,41,124,235.0,29140.0
1177,2021/01/24,2021012403026631,35,35,400,236.0,94400.0
1179,2021/01/24,2021012403025899,41,17,50,236.0,11800.0
1181,2021/01/24,2021012403024638,3,6,100,235.0,23500.0
1183,2021/01/24,2021012403023793,3,25,2000,235.0,470000.0
1185,2021/01/24,2021012403023212,52,17,90,234.0,21060.0
1187,2021/01/24,2021012403022965,1,25,500,235.0,117500.0
1189,2021/01/24,2021012403022822,39,58,50,235.0,11750.0
1191,2021/01/24,2021012403022679,51,10,12,236.0,2832.0
1193,2021/01/24,2021012403021096,28,58,30,237.0,7110.0
1195,2021/01/24,2021012403020898,36,25,500,234.0,117000.0
1197,2021/01/24,2021012403020616,45,25,50,235.0,11750.0
1199,2021/01/24,2021012403020395,13,25,48,236.0,11328.0
1101,2021/01/24,2021012403020160,38,25,100,236.0,23600.0
1103,2021/01/24,2021012403020156,57,25,200,236.0,47200.0
1105,2021/01/24,2021012403020152,55,25,50,237.0,11850.0
1107,2021/01/24,2021012403019784,51,52,2525,237.0,598425.0
1109,2021/01/24,2021012403019780,19,52,50,238.0,11900.0
1111,2021/01/24,2021012403019762,48,38,200,238.0,47600.0
1113,2021/01/24,2021012403019540,58,25,10,239.0,2390.0
1115,2021/01/24,2021012403018962,48,49,55,239.0,13145.0
1117,2021/01/24,2021012403018006,48,13,168,239.0,40152.0
1119,2021/01/24,2021012403016858,16,26,146,239.0,34894.0
1121,2021/01/24,2021012403016012,35,55,50,240.0,12000.0
1123,2021/01/24,2021012403014859,51,55,100,241.0,24100.0
1125,2021/01/24,2021012403014323,16,59,725,239.0,173275.0
1127,2021/01/24,2021012403014214,17,39,300,240.0,72000.0
1129,2021/01/24,2021012403013238,58,17,20,240.0,4800.0
1131,2021/01/24,2021012403012941,17,38,1000,240.0,240000.0
1133,2021/01/24,2021012403011827,4,14,200,240.0,48000.0
1135,2021/01/24,2021012403011120,48,1,30,240.0,7200.0
1137,2021/01/24,2021012403010850,43,19,27,239.0,6453.0
1139,2021/01/24,2021012403009996,34,51,100,240.0,24000.0
1141,2021/01/24,2021012403009749,58,18,10,241.0,2410.0
1143,2021/01/24,2021012403009165,55,45,50,241.0,12050.0
1145,2021/01/24,2021012403008185,50,58,10,240.0,2400.0
1147,2021/01/24,2021012403007587,43,52,100,240.0,24000.0
1149,2021/01/24,2021012403007536,32,52,10,241.0,2410.0
1151,2021/01/24,2021012403020159,48,25,200,236.0,47200.0
1153,2021/01/24,2021012403020155,52,25,54,236.0,12744.0
1155,2021/01/24,2021012403020151,4,25,50,237.0,11850.0
1157,2021/01/24,2021012403019783,16,52,25,237.0,5925.0
1159,2021/01/24,2021012403019779,42,52,100,238.0,23800.0
1161,2021/01/24,2021012403019632,48,13,100,238.0,23800.0
1163,2021/01/24,2021012403019539,21,25,55,239.0,13145.0
1165,2021/01/24,2021012403018397,59,55,40,240.0,9600.0
1167,2021/01/24,2021012403017488,35,55,50,240.0,12000.0
1169,2021/01/24,2021012403016742,16,44,1000,239.0,239000.0
1171,2021/01/24,2021012403016011,35,55,250,240.0,60000.0
1173,2021/01/24,2021012403014418,3,55,330,241.0,79530.0
1175,2021/01/24,2021012403014322,17,59,275,240.0,66000.0
1177,2021/01/24,2021012403014013,16,49,67,240.0,16080.0
1179,2021/01/24,2021012403013124,54,17,500,240.0,120000.0
1181,2021/01/24,2021012403012839,16,45,1583,239.0,378337.0
1183,2021/01/24,2021012403011826,4,1,90,240.0,21600.0
1185,2021/01/24,2021012403010988,16,29,150,239.0,35850.0
1187,2021/01/24,2021012403010373,43,55,223,239.0,53297.0
1189,2021/01/24,2021012403009913,21,18,10,241.0,2410.0
1191,2021/01/24,2021012403009533,51,53,300,240.0,72000.0
1193,2021/01/24,2021012403008677,22,52,50,240.0,12000.0
1195,2021/01/24,2021012403008167,50,42,1940,240.0,465600.0
1197,2021/01/24,2021012403007586,48,52,500,240.0,120000.0
1199,2021/01/24,2021012403006736,48,45,193,240.0,46320.0
1201,2021/01/24,2021012403020161,13,25,24,236.0,5664.0
1203,2021/01/24,2021012403020157,32,25,1000,236.0,236000.0
1205,2021/01/24,2021012403020153,46,25,489,236.0,115404.0
1207,2021/01/24,2021012403019906,51,50,500,237.0,118500.0
1209,2021/01/24,2021012403019781,45,52,300,237.0,71100.0
1211,2021/01/24,2021012403019777,34,52,500,238.0,119000.0
1213,2021/01/24,2021012403019630,47,13,100,238.0,23800.0
1215,2021/01/24,2021012403018963,21,49,145,239.0,34655.0
1217,2021/01/24,2021012403018026,42,55,100,240.0,24000.0
1219,2021/01/24,2021012403017180,16,42,523,239.0,124997.0
1221,2021/01/24,2021012403016013,43,55,500,240.0,120000.0
1223,2021/01/24,2021012403015750,45,55,10,241.0,2410.0
1225,2021/01/24,2021012403014416,3,42,50,240.0,12000.0
1227,2021/01/24,2021012403014235,17,33,300,240.0,72000.0
1229,2021/01/24,2021012403013439,16,17,320,240.0,76800.0
1231,2021/01/24,2021012403013084,17,21,140,240.0,33600.0
1233,2021/01/24,2021012403011828,4,21,10,240.0,2400.0
1235,2021/01/24,2021012403011127,16,13,400,239.0,95600.0
1237,2021/01/24,2021012403010851,16,19,473,239.0,113047.0
1239,2021/01/24,2021012403010371,34,55,277,240.0,66480.0
1241,2021/01/24,2021012403009752,34,18,23,240.0,5520.0
1243,2021/01/24,2021012403009344,22,18,350,241.0,84350.0
1245,2021/01/24,2021012403008186,45,58,40,240.0,9600.0
1247,2021/01/24,2021012403007588,42,52,50,240.0,12000.0
1249,2021/01/24,2021012403007537,32,52,140,241.0,33740.0
1251,2021/01/24,2021012403020158,52,25,1000,236.0,236000.0
1253,2021/01/24,2021012403020154,58,25,50,236.0,11800.0
1255,2021/01/24,2021012403020150,51,25,783,237.0,185571.0
1257,2021/01/24,2021012403019782,1,52,300,237.0,71100.0
1259,2021/01/24,2021012403019778,48,52,200,238.0,47600.0
1261,2021/01/24,2021012403019631,1,13,300,238.0,71400.0
1263,2021/01/24,2021012403019265,44,55,30,240.0,7200.0
1265,2021/01/24,2021012403018034,45,55,20,240.0,4800.0
1267,2021/01/24,2021012403017181,48,42,277,239.0,66203.0
1269,2021/01/24,2021012403016014,42,55,50,240.0,12000.0
1271,2021/01/24,2021012403015985,35,19,50,240.0,12000.0
1273,2021/01/24,2021012403014417,3,18,120,241.0,28920.0
1275,2021/01/24,2021012403014295,17,42,125,240.0,30000.0
1277,2021/01/24,2021012403013440,16,28,113,240.0,27120.0
1279,2021/01/24,2021012403013085,17,17,160,240.0,38400.0
1281,2021/01/24,2021012403011940,45,21,50,240.0,12000.0
1283,2021/01/24,2021012403011412,54,1,100,240.0,24000.0
1285,2021/01/24,2021012403010872,51,1,80,240.0,19200.0
1287,2021/01/24,2021012403010372,22,55,100,240.0,24000.0
1289,2021/01/24,2021012403009903,34,18,10,241.0,2410.0
1291,2021/01/24,2021012403009355,51,48,200,240.0,48000.0
1293,2021/01/24,2021012403008551,45,52,10,240.0,2400.0
1295,2021/01/24,2021012403008056,50,36,50,240.0,12000.0
1297,2021/01/24,2021012403007585,48,52,307,240.0,73680.0
1299,2021/01/24,2021012403006735,17,45,117,240.0,28080.0
1201,2021/01/24,2021012403006098,17,57,258,240.0,61920.0
1203,2021/01/24,2021012403004175,46,11,100,240.0,24000.0
1205,2021/01/24,2021012403002978,6,38,100,242.0,24200.0
1207,2021/01/24,2021012403002520,42,42,50,240.0,12000.0
1209,2021/01/24,2021012403001800,38,53,489,237.0,115893.0
1211,2021/01/24,2021012403001359,48,4,10,235.0,2350.0
1213,2021/01/24,2021012403001185,45,42,80,235.0,18800.0
1215,2021/01/24,2021012403000226,44,55,12,235.0,2820.0
1217,2021/01/24,2021012403000041,43,55,200,235.0,47000.0
1219,2021/01/21,2021012103029556,51,45,360,233.0,83880.0
1221,2021/01/21,2021012103028825,16,44,45,230.0,10350.0
1223,2021/01/21,2021012103028467,41,39,155,230.0,35650.0
1225,2021/01/21,2021012103027738,51,14,53,231.0,12243.0
1227,2021/01/21,2021012103027058,16,45,75,233.0,17475.0
1229,2021/01/21,2021012103026673,56,41,80,236.0,18880.0
1231,2021/01/21,2021012103025980,38,58,200,239.0,47800.0
1233,2021/01/21,2021012103025965,38,58,200,237.0,47400.0
1235,2021/01/21,2021012103025573,38,4,1000,239.0,239000.0
1237,2021/01/21,2021012103025443,42,49,163,237.0,38631.0
1239,2021/01/21,2021012103024820,17,55,200,237.0,47400.0
1241,2021/01/21,2021012103023787,51,49,50,233.0,11650.0
1243,2021/01/21,2021012103023783,51,55,30,232.0,6960.0
1245,2021/01/21,2021012103023779,51,58,200,231.0,46200.0
1247,2021/01/21,2021012103023775,51,21,51,230.0,11730.0
1249,2021/01/21,2021012103023707,51,20,10,229.0,2290.0
1251,2021/01/24,2021012403006432,17,8,15,240.0,3600.0
1253,2021/01/24,2021012403004662,51,55,300,241.0,72300.0
1255,2021/01/24,2021012403004173,46,19,519,240.0,124560.0
1257,2021/01/24,2021012403002801,52,58,19,238.0,4522.0
1259,2021/01/24,2021012403001889,48,6,200,238.0,47600.0
1261,2021/01/24,2021012403001765,37,6,189,237.0,44793.0
1263,2021/01/24,2021012403001187,16,42,162,233.0,37746.0
1265,2021/01/24,2021012403000385,44,6,160,235.0,37600.0
1267,2021/01/24,2021012403000164,55,55,150,235.0,35250.0
1269,2021/01/21,2021012103029558,51,36,35,233.0,8155.0
1271,2021/01/21,2021012103029386,51,36,1000,232.0,232000.0
1273,2021/01/21,2021012103028651,59,54,155,230.0,35650.0
1275,2021/01/21,2021012103028209,59,39,200,231.0,46200.0
1277,2021/01/21,2021012103027654,21,34,60,231.0,13860.0
1279,2021/01/21,2021012103027021,41,17,40,236.0,9440.0
1281,2021/01/21,2021012103026104,16,7,200,239.0,47800.0
1283,2021/01/21,2021012103025978,38,20,20,239.0,4780.0
1285,2021/01/21,2021012103025575,38,28,503,239.0,120217.0
1287,2021/01/21,2021012103025571,38,37,1360,238.0,323680.0
1289,2021/01/21,2021012103024992,16,41,500,233.0,116500.0
1291,2021/01/21,2021012103024111,38,52,2000,237.0,474000.0
1293,2021/01/21,2021012103023785,51,11,50,233.0,11650.0
1295,2021/01/21,2021012103023781,51,14,500,232.0,116000.0
1297,2021/01/21,2021012103023777,51,52,400,230.0,92000.0
1299,2021/01/21,2021012103023735,51,37,2386,229.0,546394.0
1301,2021/01/24,2021012403004663,51,36,650,241.0,156650.0
1303,2021/01/24,2021012403004174,46,52,200,240.0,48000.0
1305,2021/01/24,2021012403002977,6,28,100,242.0,24200.0
1307,2021/01/24,2021012403002252,47,6,50,238.0,11900.0
1309,2021/01/24,2021012403001778,38,6,11,237.0,2607.0
1311,2021/01/24,2021012403001349,48,34,200,235.0,47000.0
1313,2021/01/24,2021012403000386,44,55,139,237.0,32943.0
1315,2021/01/24,2021012403000174,22,55,30,235.0,7050.0
1317,2021/01/21,2021012103029619,38,22,25,235.0,5875.0
1319,2021/01/21,2021012103029387,51,22,51,232.0,11832.0
1321,2021/01/21,2021012103028824,59,44,45,230.0,10350.0
1323,2021/01/21,2021012103028323,26,39,10,231.0,2310.0
1325,2021/01/21,2021012103027655,21,44,20,232.0,4640.0
1327,2021/01/21,2021012103027033,16,17,125,233.0,29125.0
1329,2021/01/21,2021012103026349,21,44,200,237.0,47400.0
1331,2021/01/21,2021012103025979,38,11,250,239.0,59750.0
1333,2021/01/21,2021012103025601,38,28,1997,239.0,477283.0
1335,2021/01/21,2021012103025572,38,55,1000,238.0,238000.0
1337,2021/01/21,2021012103025442,42,45,257,237.0,60909.0
1339,2021/01/21,2021012103024112,38,55,1000,237.0,237000.0
1341,2021/01/21,2021012103023786,51,57,1000,233.0,233000.0
1343,2021/01/21,2021012103023782,51,22,500,232.0,116000.0
1345,2021/01/21,2021012103023778,51,36,500,231.0,115500.0
1347,2021/01/21,2021012103023774,51,49,276,230.0,63480.0
1349,2021/01/21,2021012103023022,38,39,500,227.0,113500.0
1351,2021/01/24,2021012403006167,17,35,10,240.0,2400.0
1353,2021/01/24,2021012403004661,51,41,50,240.0,12000.0
1355,2021/01/24,2021012403003002,58,53,500,242.0,121000.0
1357,2021/01/24,2021012403002706,58,42,50,238.0,11900.0
1359,2021/01/24,2021012403001801,46,53,511,236.0,120596.0
1361,2021/01/24,2021012403001764,37,55,61,237.0,14457.0
1363,2021/01/24,2021012403001186,52,42,108,234.0,25272.0
1365,2021/01/24,2021012403000287,43,6,40,235.0,9400.0
1367,2021/01/24,2021012403000131,52,55,108,235.0,25380.0
1369,2021/01/21,2021012103029557,51,36,75,233.0,17475.0
1371,2021/01/21,2021012103029290,51,39,606,231.0,139986.0
1373,2021/01/21,2021012103028650,41,54,345,230.0,79350.0
1375,2021/01/21,2021012103027863,26,44,50,232.0,11600.0
1377,2021/01/21,2021012103027312,17,44,100,232.0,23200.0
1379,2021/01/21,2021012103027007,56,17,570,236.0,134520.0
1381,2021/01/21,2021012103025981,38,34,150,239.0,35850.0
1383,2021/01/21,2021012103025977,38,58,600,239.0,143400.0
1385,2021/01/21,2021012103025574,38,38,1000,239.0,239000.0
1387,2021/01/21,2021012103025570,38,49,137,237.0,32469.0
1389,2021/01/21,2021012103024989,38,55,800,237.0,189600.0
1391,2021/01/21,2021012103024071,38,26,2500,233.0,582500.0
1393,2021/01/21,2021012103023784,51,41,175,232.0,40600.0
1395,2021/01/21,2021012103023780,51,25,500,231.0,115500.0
1397,2021/01/21,2021012103023776,51,57,54,230.0,12420.0
1399,2021/01/21,2021012103023708,51,26,2000,229.0,458000.0
1301,2021/01/21,2021012103022360,51,49,1000,225.0,225000.0
1303,2021/01/21,2021012103022186,51,7,25,229.0,5725.0
1305,2021/01/21,2021012103022182,51,44,50,229.0,11450.0
1307,2021/01/21,2021012103021810,38,52,1000,228.0,228000.0
1309,2021/01/21,2021012103021767,38,58,100,227.0,22700.0
1311,2021/01/21,2021012103021751,38,37,1000,226.0,226000.0
1313,2021/01/21,2021012103021711,38,38,250,224.0,56000.0
1315,2021/01/21,2021012103019954,51,41,300,225.0,67500.0
1317,2021/01/21,2021012103019950,51,55,1000,223.0,223000.0
1319,2021/01/21,2021012103018540,52,28,1462,225.0,328950.0
1321,2021/01/21,2021012103018536,52,58,300,224.0,67200.0
1323,2021/01/21,2021012103018532,52,52,400,222.0,88800.0
1325,2021/01/21,2021012103017885,13,54,366,221.0,80886.0
1327,2021/01/21,2021012103017556,55,22,500,222.0,111000.0
1329,2021/01/21,2021012103016601,3,56,79,223.0,17617.0
1331,2021/01/21,2021012103016088,1,18,100,223.0,22300.0
1333,2021/01/21,2021012103015831,44,54,30,225.0,6750.0
1335,2021/01/21,2021012103014275,42,46,40,227.0,9080.0
1337,2021/01/21,2021012103013487,22,37,500,225.0,112500.0
1339,2021/01/21,2021012103012684,8,22,70,228.0,15960.0
1341,2021/01/21,2021012103012454,5,47,301,228.0,68628.0
1343,2021/01/21,2021012103011362,54,43,100,225.0,22500.0
1345,2021/01/21,2021012103011292,52,36,259,225.0,58275.0
1347,2021/01/21,2021012103011288,52,54,44,223.0,9812.0
1349,2021/01/21,2021012103011279,39,50,21,222.0,4662.0
1351,2021/01/21,2021012103022189,51,52,1385,229.0,317165.0
1353,2021/01/21,2021012103022185,51,45,500,229.0,114500.0
1355,2021/01/21,2021012103022181,51,41,175,228.0,39900.0
1357,2021/01/21,2021012103021809,38,37,1000,228.0,228000.0
1359,2021/01/21,2021012103021766,38,37,2000,227.0,454000.0
1361,2021/01/21,2021012103021739,38,5,154,225.0,34650.0
1363,2021/01/21,2021012103021710,38,43,500,224.0,112000.0
1365,2021/01/21,2021012103019953,51,37,1000,225.0,225000.0
1367,2021/01/21,2021012103019949,51,55,500,222.0,111000.0
1369,2021/01/21,2021012103018539,52,28,931,225.0,209475.0
1371,2021/01/21,2021012103018535,52,56,824,223.0,183752.0
1373,2021/01/21,2021012103018434,1,52,200,222.0,44400.0
1375,2021/01/21,2021012103017559,13,22,134,221.0,29614.0
1377,2021/01/21,2021012103017537,44,56,300,223.0,66900.0
1379,2021/01/21,2021012103016295,45,54,25,225.0,5625.0
1381,2021/01/21,2021012103016087,46,18,40,224.0,8960.0
1383,2021/01/21,2021012103014278,59,46,500,224.0,112000.0
1385,2021/01/21,2021012103013566,38,37,1000,227.0,227000.0
1387,2021/01/21,2021012103013486,40,37,150,225.0,33750.0
1389,2021/01/21,2021012103012619,5,22,70,228.0,15960.0
1391,2021/01/21,2021012103012453,7,47,100,228.0,22800.0
1393,2021/01/21,2021012103011361,54,6,50,225.0,11250.0
1395,2021/01/21,2021012103011291,52,28,2500,224.0,560000.0
1397,2021/01/21,2021012103011287,52,29,97,223.0,21631.0
1399,2021/01/21,2021012103011278,52,50,99,222.0,21978.0
1401,2021/01/21,2021012103022188,51,55,50,229.0,11450.0
1403,2021/01/21,2021012103022184,51,46,100,229.0,22900.0
1405,2021/01/21,2021012103022180,51,26,2000,228.0,456000.0
1407,2021/01/21,2021012103021769,38,17,1000,227.0,227000.0
1409,2021/01/21,2021012103021753,38,28,1538,226.0,347588.0
1411,2021/01/21,2021012103021738,38,37,1000,225.0,225000.0
1413,2021/01/21,2021012103020329,5,6,100,223.0,22300.0
1415,2021/01/21,2021012103019952,51,49,200,225.0,45000.0
1417,2021/01/21,2021012103019911,29,55,500,222.0,111000.0
1419,2021/01/21,2021012103018538,52,36,23,225.0,5175.0
1421,2021/01/21,2021012103018534,52,51,500,222.0,111000.0
1423,2021/01/21,2021012103018280,52,54,79,220.0,17380.0
1425,2021/01/21,2021012103017558,52,22,500,221.0,110500.0
1427,2021/01/21,2021012103016797,32,56,400,223.0,89200.0
1429,2021/01/21,2021012103016090,52,18,200,222.0,44400.0
1431,2021/01/21,2021012103016086,1,18,50,224.0,11200.0
1433,2021/01/21,2021012103014277,49,46,250,226.0,56500.0
1435,2021/01/21,2021012103013551,49,50,750,226.0,169500.0
1437,2021/01/21,2021012103013321,3,50,150,226.0,33900.0
1439,2021/01/21,2021012103012556,54,28,69,229.0,15801.0
1441,2021/01/21,2021012103011364,54,43,100,225.0,22500.0
1443,2021/01/21,2021012103011360,54,36,111,225.0,24975.0
1445,2021/01/21,2021012103011290,52,55,1000,224.0,224000.0
1447,2021/01/21,2021012103011286,52,37,300,223.0,66900.0
1449,2021/01/21,2021012103011109,52,48,100,222.0,22200.0
1451,2021/01/21,2021012103022187,51,20,25,229.0,5725.0
1453,2021/01/21,2021012103022183,51,21,20,229.0,4580.0
1455,2021/01/21,2021012103021811,38,59,500,228.0,114000.0
1457,2021/01/21,2021012103021768,38,49,50,227.0,11350.0
1459,2021/01/21,2021012103021752,38,55,100,226.0,22600.0
1461,2021/01/21,2021012103021712,38,5,100,224.0,22400.0
1463,2021/01/21,2021012103019955,51,28,1000,225.0,225000.0
1465,2021/01/21,2021012103019951,51,37,1000,224.0,224000.0
1467,2021/01/21,2021012103019818,49,36,25,223.0,5575.0
1469,2021/01/21,2021012103018537,52,34,260,224.0,58240.0
1471,2021/01/21,2021012103018533,52,22,300,222.0,66600.0
1473,2021/01/21,2021012103017949,50,54,500,221.0,110500.0
1475,2021/01/21,2021012103017557,49,22,100,222.0,22200.0
1477,2021/01/21,2021012103016768,55,41,500,222.0,111000.0
1479,2021/01/21,2021012103016089,39,18,99,222.0,21978.0
1481,2021/01/21,2021012103016085,38,18,50,224.0,11200.0
1483,2021/01/21,2021012103014276,1,46,500,227.0,113500.0
1485,2021/01/21,2021012103013488,45,37,50,225.0,11250.0
1487,2021/01/21,2021012103012937,26,22,100,228.0,22800.0
1489,2021/01/21,2021012103012483,5,1,30,228.0,6840.0
1491,2021/01/21,2021012103011363,54,47,70,225.0,15750.0
1493,2021/01/21,2021012103011344,49,36,130,225.0,29250.0
1495,2021/01/21,2021012103011289,52,57,500,224.0,112000.0
1497,2021/01/21,2021012103011285,52,43,300,223.0,66900.0
1499,2021/01/21,2021012103011108,52,38,51,222.0,11322.0
1401,2021/01/21,2021012103011106,52,53,500,222.0,111000.0
1403,2021/01/21,2021012103011102,52,52,700,222.0,155400.0
1405,2021/01/21,2021012103010998,45,37,100,220.0,22000.0
1407,2021/01/21,2021012103010040,45,37,50,220.0,11000.0
1409,2021/01/21,2021012103009346,3,57,21,218.0,4578.0
1411,2021/01/21,2021012103008917,38,52,500,220.0,110000.0
1413,2021/01/21,2021012103008281,59,44,25,221.0,5525.0
1415,2021/01/21,2021012103008081,34,52,32,218.0,6976.0
1417,2021/01/21,2021012103006690,38,50,180,221.0,39780.0
1419,2021/01/21,2021012103006629,33,37,20,220.0,4400.0
1421,2021/01/21,2021012103006212,50,46,50,220.0,11000.0
1423,2021/01/21,2021012103005540,36,44,150,220.0,33000.0
1425,2021/01/21,2021012103005324,45,34,100,219.0,21900.0
1427,2021/01/21,2021012103004949,34,37,300,218.0,65400.0
1429,2021/01/21,2021012103004365,22,37,50,217.0,10850.0
1431,2021/01/21,2021012103003888,55,50,476,216.0,102816.0
1433,2021/01/21,2021012103002975,1,6,400,217.0,86800.0
1435,2021/01/21,2021012103001918,6,55,400,218.0,87200.0
1437,2021/01/20,2021012003023154,50,25,18,218.0,3924.0
1439,2021/01/20,2021012003022389,49,39,800,218.0,174400.0
1441,2021/01/20,2021012003022385,49,28,260,218.0,56680.0
1443,2021/01/20,2021012003022381,49,42,100,218.0,21800.0
1445,2021/01/20,2021012003022377,49,35,2200,217.0,477400.0
1447,2021/01/20,2021012003022373,49,22,500,217.0,108500.0
1449,2021/01/20,2021012003022369,49,22,25,217.0,5425.0
1451,2021/01/21,2021012103011104,52,41,30,222.0,6660.0
1453,2021/01/21,2021012103011100,52,7,25,221.0,5525.0
1455,2021/01/21,2021012103010893,58,37,50,220.0,11000.0
1457,2021/01/21,2021012103009579,3,19,25,218.0,5450.0
1459,2021/01/21,2021012103009238,3,18,25,218.0,5450.0
1461,2021/01/21,2021012103008657,13,26,40,218.0,8720.0
1463,2021/01/21,2021012103008083,22,52,100,218.0,21800.0
1465,2021/01/21,2021012103007341,59,44,100,221.0,22100.0
1467,2021/01/21,2021012103006631,50,37,50,219.0,10950.0
1469,2021/01/21,2021012103006302,45,46,270,220.0,59400.0
1471,2021/01/21,2021012103006089,14,46,300,220.0,66000.0
1473,2021/01/21,2021012103005538,6,26,100,220.0,22000.0
1475,2021/01/21,2021012103005322,45,59,100,219.0,21900.0
1477,2021/01/21,2021012103004947,34,55,100,218.0,21800.0
1479,2021/01/21,2021012103003890,36,50,104,216.0,22464.0
1481,2021/01/21,2021012103003374,16,16,4683,215.0,1006845.0
1483,2021/01/21,2021012103002799,16,16,10000,215.0,2150000.0
1485,2021/01/21,2021012103000339,3,50,20,221.0,4420.0
1487,2021/01/20,2021012003022391,49,32,1010,218.0,220180.0
1489,2021/01/20,2021012003022387,49,49,200,218.0,43600.0
1491,2021/01/20,2021012003022383,49,14,150,218.0,32700.0
1493,2021/01/20,2021012003022379,49,44,200,218.0,43600.0
1495,2021/01/20,2021012003022375,49,45,100,217.0,21700.0
1497,2021/01/20,2021012003022371,49,49,44,217.0,9548.0
1499,2021/01/20,2021012003022367,49,55,1000,217.0,217000.0
1501,2021/01/21,2021012103011105,52,56,20,222.0,4440.0
1503,2021/01/21,2021012103011101,52,37,300,221.0,66300.0
1505,2021/01/21,2021012103010997,45,37,150,220.0,33000.0
1507,2021/01/21,2021012103009715,57,37,68,219.0,14892.0
1509,2021/01/21,2021012103009256,52,37,32,219.0,7008.0
1511,2021/01/21,2021012103008881,5,26,30,218.0,6540.0
1513,2021/01/21,2021012103008084,52,52,468,217.0,101556.0
1515,2021/01/21,2021012103007894,16,22,100,220.0,22000.0
1517,2021/01/21,2021012103006684,41,37,80,219.0,17520.0
1519,2021/01/21,2021012103006531,33,46,180,220.0,39600.0
1521,2021/01/21,2021012103006097,37,47,10,221.0,2210.0
1523,2021/01/21,2021012103005539,36,26,900,220.0,198000.0
1525,2021/01/21,2021012103005323,45,48,91,219.0,19929.0
1527,2021/01/21,2021012103004948,34,41,68,218.0,14824.0
1529,2021/01/21,2021012103003929,42,37,150,217.0,32550.0
1531,2021/01/21,2021012103003800,55,55,300,216.0,64800.0
1533,2021/01/21,2021012103002920,55,26,224,216.0,48384.0
1535,2021/01/21,2021012103001619,53,26,2000,220.0,440000.0
1537,2021/01/20,2021012003023153,49,25,32,218.0,6976.0
1539,2021/01/20,2021012003022388,49,28,10,218.0,2180.0
1541,2021/01/20,2021012003022384,49,55,100,218.0,21800.0
1543,2021/01/20,2021012003022380,49,25,50,218.0,10900.0
1545,2021/01/20,2021012003022376,49,32,600,217.0,130200.0
1547,2021/01/20,2021012003022372,49,17,1000,217.0,217000.0
1549,2021/01/20,2021012003022368,49,49,200,217.0,43400.0
1551,2021/01/21,2021012103011107,52,16,200,222.0,44400.0
1553,2021/01/21,2021012103011103,52,58,200,222.0,44400.0
1555,2021/01/21,2021012103011099,52,44,75,221.0,16575.0
1557,2021/01/21,2021012103010763,58,37,50,220.0,11000.0
1559,2021/01/21,2021012103009525,57,37,200,219.0,43800.0
1561,2021/01/21,2021012103008936,5,37,470,218.0,102460.0
1563,2021/01/21,2021012103008391,47,26,200,218.0,43600.0
1565,2021/01/21,2021012103008082,45,52,300,218.0,65400.0
1567,2021/01/21,2021012103006691,38,47,20,221.0,4420.0
1569,2021/01/21,2021012103006630,33,37,250,220.0,55000.0
1571,2021/01/21,2021012103006213,50,46,100,220.0,22000.0
1573,2021/01/21,2021012103006088,36,46,100,220.0,22000.0
1575,2021/01/21,2021012103005468,36,14,200,219.0,43800.0
1577,2021/01/21,2021012103005321,45,52,630,219.0,137970.0
1579,2021/01/21,2021012103004647,45,37,400,217.0,86800.0
1581,2021/01/21,2021012103003889,40,50,200,216.0,43200.0
1583,2021/01/21,2021012103003236,6,45,50,217.0,10850.0
1585,2021/01/21,2021012103002224,53,55,500,218.0,109000.0
1587,2021/01/20,2021012003023520,50,41,32,218.0,6976.0
1589,2021/01/20,2021012003022390,49,25,500,218.0,109000.0
1591,2021/01/20,2021012003022386,49,32,600,218.0,130800.0
1593,2021/01/20,2021012003022382,49,51,300,218.0,65400.0
1595,2021/01/20,2021012003022378,49,43,30,218.0,6540.0
1597,2021/01/20,2021012003022374,49,25,100,217.0,21700.0
1599,2021/01/20,2021012003022370,49,22,25,217.0,5425.0
1501,2021/01/20,2021012003022366,49,14,500,217.0,108500.0
1503,2021/01/20,2021012003022362,49,22,90,216.0,19440.0
1505,2021/01/20,2021012003022358,49,52,200,216.0,43200.0
1507,2021/01/20,2021012003022354,49,51,70,216.0,15120.0
1509,2021/01/20,2021012003022310,49,34,100,215.0,21500.0
1511,2021/01/20,2021012003022306,49,49,600,215.0,129000.0
1513,2021/01/20,2021012003022302,49,52,20,215.0,4300.0
1515,2021/01/20,2021012003022298,49,28,2500,214.0,535000.0
1517,2021/01/20,2021012003022294,49,40,300,213.0,63900.0
1519,2021/01/20,2021012003021818,32,47,41,211.0,8651.0
1521,2021/01/20,2021012003021544,42,33,190,212.0,40280.0
1523,2021/01/20,2021012003020767,45,39,325,213.0,69225.0
1525,2021/01/20,2021012003020619,45,39,90,213.0,19170.0
1527,2021/01/20,2021012003020215,22,4,100,212.0,21200.0
1529,2021/01/20,2021012003020127,34,39,785,213.0,167205.0
1531,2021/01/20,2021012003019699,36,28,10,214.0,2140.0
1533,2021/01/20,2021012003019695,36,44,200,214.0,42800.0
1535,2021/01/20,2021012003019330,29,17,865,214.0,185110.0
1537,2021/01/20,2021012003019273,29,40,275,213.0,58575.0
1539,2021/01/20,2021012003018678,32,57,25,212.0,5300.0
1541,2021/01/20,2021012003018288,45,55,135,213.0,28755.0
1543,2021/01/20,2021012003018053,32,38,100,212.0,21200.0
1545,2021/01/20,2021012003017856,34,28,25,210.0,5250.0
1547,2021/01/20,2021012003017852,8,28,89,210.0,18690.0
1549,2021/01/20,2021012003017282,41,55,50,213.0,10650.0
1551,2021/01/20,2021012003022365,49,29,50,217.0,10850.0
1553,2021/01/20,2021012003022361,49,21,10,216.0,2160.0
1555,2021/01/20,2021012003022357,49,52,20,216.0,4320.0
1557,2021/01/20,2021012003022353,49,53,500,216.0,108000.0
1559,2021/01/20,2021012003022309,49,34,50,215.0,10750.0
1561,2021/01/20,2021012003022305,49,58,10,215.0,2150.0
1563,2021/01/20,2021012003022301,49,14,90,215.0,19350.0
1565,2021/01/20,2021012003022297,49,44,54,214.0,11556.0
1567,2021/01/20,2021012003022293,49,28,2500,213.0,532500.0
1569,2021/01/20,2021012003021817,1,47,450,212.0,95400.0
1571,2021/01/20,2021012003021345,45,39,100,213.0,21300.0
1573,2021/01/20,2021012003020671,45,39,300,213.0,63900.0
1575,2021/01/20,2021012003020584,45,4,25,212.0,5300.0
1577,2021/01/20,2021012003020214,5,4,100,212.0,21200.0
1579,2021/01/20,2021012003020016,21,39,25,213.0,5325.0
1581,2021/01/20,2021012003019698,36,26,100,214.0,21400.0
1583,2021/01/20,2021012003019538,45,44,10,214.0,2140.0
1585,2021/01/20,2021012003019276,29,17,135,214.0,28890.0
1587,2021/01/20,2021012003019272,29,6,40,213.0,8520.0
1589,2021/01/20,2021012003018380,45,43,100,213.0,21300.0
1591,2021/01/20,2021012003018168,32,16,50,212.0,10600.0
1593,2021/01/20,2021012003018052,32,54,100,212.0,21200.0
1595,2021/01/20,2021012003017855,3,28,100,210.0,21000.0
1597,2021/01/20,2021012003017504,8,17,61,210.0,12810.0
1599,2021/01/20,2021012003017255,16,22,500,212.0,106000.0
1601,2021/01/20,2021012003022364,49,49,100,217.0,21700.0
1603,2021/01/20,2021012003022360,49,34,50,216.0,10800.0
1605,2021/01/20,2021012003022356,49,58,400,216.0,86400.0
1607,2021/01/20,2021012003022352,49,43,125,216.0,27000.0
1609,2021/01/20,2021012003022308,49,28,50,215.0,10750.0
1611,2021/01/20,2021012003022304,49,10,100,215.0,21500.0
1613,2021/01/20,2021012003022300,49,45,300,215.0,64500.0
1615,2021/01/20,2021012003022296,49,37,806,214.0,172484.0
1617,2021/01/20,2021012003022292,49,17,1000,213.0,213000.0
1619,2021/01/20,2021012003021739,45,39,300,213.0,63900.0
1621,2021/01/20,2021012003021019,17,39,500,213.0,106500.0
1623,2021/01/20,2021012003020621,45,39,110,213.0,23430.0
1625,2021/01/20,2021012003020217,49,4,200,212.0,42400.0
1627,2021/01/20,2021012003020213,34,4,100,212.0,21200.0
1629,2021/01/20,2021012003019780,45,39,100,213.0,21300.0
1631,2021/01/20,2021012003019697,36,44,248,214.0,53072.0
1633,2021/01/20,2021012003019332,29,44,86,214.0,18404.0
1635,2021/01/20,2021012003019275,29,35,20,214.0,4280.0
1637,2021/01/20,2021012003019271,29,43,150,213.0,31950.0
1639,2021/01/20,2021012003018355,32,43,115,213.0,24495.0
1641,2021/01/20,2021012003018167,32,38,800,212.0,169600.0
1643,2021/01/20,2021012003017858,41,28,216,210.0,45360.0
1645,2021/01/20,2021012003017854,32,28,1000,210.0,210000.0
1647,2021/01/20,2021012003017503,55,17,50,211.0,10550.0
1649,2021/01/20,2021012003017254,53,22,130,212.0,27560.0
1651,2021/01/20,2021012003022363,49,11,98,217.0,21266.0
1653,2021/01/20,2021012003022359,49,34,50,216.0,10800.0
1655,2021/01/20,2021012003022355,49,28,10,216.0,2160.0
1657,2021/01/20,2021012003022311,49,59,250,215.0,53750.0
1659,2021/01/20,2021012003022307,49,21,100,215.0,21500.0
1661,2021/01/20,2021012003022303,49,25,50,215.0,10750.0
1663,2021/01/20,2021012003022299,49,34,460,215.0,98900.0
1665,2021/01/20,2021012003022295,49,14,500,214.0,107000.0
1667,2021/01/20,2021012003022291,49,39,65,213.0,13845.0
1669,2021/01/20,2021012003021694,32,33,59,211.0,12449.0
1671,2021/01/20,2021012003021001,45,39,300,213.0,63900.0
1673,2021/01/20,2021012003020620,45,26,100,213.0,21300.0
1675,2021/01/20,2021012003020216,17,4,500,212.0,106000.0
1677,2021/01/20,2021012003020212,32,4,75,212.0,15900.0
1679,2021/01/20,2021012003019700,36,37,194,214.0,41516.0
1681,2021/01/20,2021012003019696,36,44,248,214.0,53072.0
1683,2021/01/20,2021012003019331,29,34,49,214.0,10486.0
1685,2021/01/20,2021012003019274,29,58,380,213.0,80940.0
1687,2021/01/20,2021012003019025,29,43,135,213.0,28755.0
1689,2021/01/20,2021012003018354,32,55,885,213.0,188505.0
1691,2021/01/20,2021012003018163,32,38,100,212.0,21200.0
1693,2021/01/20,2021012003017857,58,28,25,210.0,5250.0
1695,2021/01/20,2021012003017853,58,28,20,210.0,4200.0
1697,2021/01/20,2021012003017296,16,55,200,213.0,42600.0
1699,2021/01/20,2021012003016912,53,28,150,212.0,31800.0
1601,2021/01/20,2021012003016648,19,28,20,211.0,4220.0
1603,2021/01/20,2021012003016066,35,55,100,213.0,21300.0
1605,2021/01/20,2021012003015284,19,37,150,212.0,31800.0
1607,2021/01/20,2021012003014781,58,6,40,211.0,8440.0
1609,2021/01/20,2021012003013816,59,28,575,211.0,121325.0
1611,2021/01/20,2021012003013800,59,59,100,211.0,21100.0
1613,2021/01/20,2021012003012874,55,49,15,211.0,3165.0
1615,2021/01/20,2021012003011592,10,52,10,214.0,2140.0
1617,2021/01/20,2021012003011397,3,14,10,214.0,2140.0
1619,2021/01/20,2021012003011237,51,14,10,214.0,2140.0
1621,2021/01/20,2021012003010608,47,51,24,213.0,5112.0
1623,2021/01/20,2021012003010293,34,39,915,215.0,196725.0
1625,2021/01/20,2021012003010116,41,29,20,214.0,4280.0
1627,2021/01/20,2021012003009491,53,29,50,214.0,10700.0
1629,2021/01/20,2021012003009123,44,59,100,214.0,21400.0
1631,2021/01/20,2021012003008704,3,43,500,212.0,106000.0
1633,2021/01/20,2021012003008308,53,57,230,213.0,48990.0
1635,2021/01/20,2021012003008177,3,14,50,212.0,10600.0
1637,2021/01/20,2021012003007996,16,34,100,213.0,21300.0
1639,2021/01/20,2021012003007608,57,55,901,214.0,192814.0
1641,2021/01/20,2021012003007240,41,44,55,214.0,11770.0
1643,2021/01/20,2021012003007207,55,37,500,214.0,107000.0
1645,2021/01/20,2021012003007203,55,37,500,213.0,106500.0
1647,2021/01/20,2021012003007199,55,48,27,210.0,5670.0
1649,2021/01/20,2021012003006922,45,37,300,211.0,63300.0
1651,2021/01/20,2021012003016494,38,28,80,211.0,16880.0
1653,2021/01/20,2021012003015418,19,55,230,213.0,48990.0
1655,2021/01/20,2021012003015256,19,37,350,212.0,74200.0
1657,2021/01/20,2021012003014685,32,6,10,211.0,2110.0
1659,2021/01/20,2021012003013815,59,28,10,211.0,2110.0
1661,2021/01/20,2021012003013595,8,13,250,210.0,52500.0
1663,2021/01/20,2021012003012216,29,28,299,213.0,63687.0
1665,2021/01/20,2021012003011400,3,52,170,214.0,36380.0
1667,2021/01/20,2021012003011261,49,14,250,214.0,53500.0
1669,2021/01/20,2021012003011236,48,14,500,214.0,107000.0
1671,2021/01/20,2021012003010385,47,48,50,213.0,10650.0
1673,2021/01/20,2021012003010292,34,44,45,214.0,9630.0
1675,2021/01/20,2021012003009888,47,22,1500,213.0,319500.0
1677,2021/01/20,2021012003009344,57,37,500,214.0,107000.0
1679,2021/01/20,2021012003009021,49,29,470,213.0,100110.0
1681,2021/01/20,2021012003008680,3,48,100,212.0,21200.0
1683,2021/01/20,2021012003008307,53,34,270,213.0,57510.0
1685,2021/01/20,2021012003008033,32,57,130,210.0,27300.0
1687,2021/01/20,2021012003007852,58,34,30,213.0,6390.0
1689,2021/01/20,2021012003007521,57,55,100,214.0,21400.0
1691,2021/01/20,2021012003007210,55,44,445,214.0,95230.0
1693,2021/01/20,2021012003007206,55,17,1000,214.0,214000.0
1695,2021/01/20,2021012003007202,55,41,400,211.0,84400.0
1697,2021/01/20,2021012003007117,50,48,50,210.0,10500.0
1699,2021/01/20,2021012003006585,20,37,77,210.0,16170.0
1701,2021/01/20,2021012003016877,53,22,20,211.0,4220.0
1703,2021/01/20,2021012003016446,8,28,50,212.0,10600.0
1705,2021/01/20,2021012003015334,19,55,400,213.0,85200.0
1707,2021/01/20,2021012003015255,19,42,50,212.0,10600.0
1709,2021/01/20,2021012003014062,58,6,30,211.0,6330.0
1711,2021/01/20,2021012003013814,59,4,415,211.0,87565.0
1713,2021/01/20,2021012003013594,58,13,150,210.0,31500.0
1715,2021/01/20,2021012003012215,49,28,150,213.0,31950.0
1717,2021/01/20,2021012003011399,3,51,100,214.0,21400.0
1719,2021/01/20,2021012003011260,17,14,150,214.0,32100.0
1721,2021/01/20,2021012003010839,13,34,200,215.0,43000.0
1723,2021/01/20,2021012003010343,42,34,200,215.0,43000.0
1725,2021/01/20,2021012003010208,47,25,2000,213.0,426000.0
1727,2021/01/20,2021012003009664,47,17,2500,213.0,532500.0
1729,2021/01/20,2021012003009343,57,14,500,214.0,107000.0
1731,2021/01/20,2021012003008855,49,37,30,213.0,6390.0
1733,2021/01/20,2021012003008660,51,37,270,213.0,57510.0
1735,2021/01/20,2021012003008234,16,34,100,213.0,21300.0
1737,2021/01/20,2021012003008032,6,57,100,210.0,21000.0
1739,2021/01/20,2021012003007698,49,55,399,214.0,85386.0
1741,2021/01/20,2021012003007242,41,43,95,215.0,20425.0
1743,2021/01/20,2021012003007209,55,6,2000,214.0,428000.0
1745,2021/01/20,2021012003007205,55,11,300,214.0,64200.0
1747,2021/01/20,2021012003007201,55,58,120,211.0,25320.0
1749,2021/01/20,2021012003007105,20,48,23,210.0,4830.0
1751,2021/01/20,2021012003016649,19,22,130,211.0,27430.0
1753,2021/01/20,2021012003016260,8,29,50,212.0,10600.0
1755,2021/01/20,2021012003015285,19,28,20,212.0,4240.0
1757,2021/01/20,2021012003015031,38,6,420,211.0,88620.0
1759,2021/01/20,2021012003013931,38,6,500,211.0,105500.0
1761,2021/01/20,2021012003013801,59,4,185,211.0,39035.0
1763,2021/01/20,2021012003013114,53,59,100,211.0,21100.0
1765,2021/01/20,2021012003012214,47,28,2501,213.0,532713.0
1767,2021/01/20,2021012003011398,3,22,50,214.0,10700.0
1769,2021/01/20,2021012003011259,51,14,90,214.0,19260.0
1771,2021/01/20,2021012003010784,49,53,500,214.0,107000.0
1773,2021/01/20,2021012003010294,34,34,40,215.0,8600.0
1775,2021/01/20,2021012003010117,41,44,55,214.0,11770.0
1777,2021/01/20,2021012003009643,47,26,1425,213.0,303525.0
1779,2021/01/20,2021012003009124,44,44,100,214.0,21400.0
1781,2021/01/20,2021012003008787,45,37,200,213.0,42600.0
1783,2021/01/20,2021012003008552,51,57,270,213.0,57510.0
1785,2021/01/20,2021012003008232,3,49,20,212.0,4240.0
1787,2021/01/20,2021012003008031,55,57,70,211.0,14770.0
1789,2021/01/20,2021012003007609,50,55,600,214.0,128400.0
1791,2021/01/20,2021012003007241,41,25,50,215.0,10750.0
1793,2021/01/20,2021012003007208,55,34,60,214.0,12840.0
1795,2021/01/20,2021012003007204,55,36,498,214.0,106572.0
1797,2021/01/20,2021012003007200,55,37,150,211.0,31650.0
1799,2021/01/20,2021012003006943,14,37,50,211.0,10550.0
1701,2021/01/20,2021012003006561,52,37,223,210.0,46830.0
1703,2021/01/20,2021012003006458,45,36,23,210.0,4830.0
1705,2021/01/20,2021012003006280,58,41,500,208.0,104000.0
1707,2021/01/20,2021012003006276,58,22,266,207.0,55062.0
1709,2021/01/20,2021012003006190,39,44,500,207.0,103500.0
1711,2021/01/20,2021012003006186,39,37,500,206.0,103000.0
1713,2021/01/20,2021012003006026,58,39,103,206.0,21218.0
1715,2021/01/20,2021012003005873,58,52,166,205.0,34030.0
1717,2021/01/20,2021012003004064,51,37,319,204.0,65076.0
1719,2021/01/20,2021012003003044,58,37,181,204.0,36924.0
1721,2021/01/20,2021012003002464,46,52,200,203.0,40600.0
1723,2021/01/20,2021012003002056,51,39,371,202.0,74942.0
1725,2021/01/20,2021012003001628,49,1,35,199.0,6965.0
1727,2021/01/20,2021012003000910,51,57,730,202.0,147460.0
1729,2021/01/20,2021012003000199,13,50,100,202.0,20200.0
1731,2021/01/19,2021011903028332,56,39,100,200.0,20000.0
1733,2021/01/19,2021011903027144,52,55,600,199.0,119400.0
1735,2021/01/19,2021011903025659,52,42,250,199.0,49750.0
1737,2021/01/19,2021011903025259,52,49,163,198.0,32274.0
1739,2021/01/19,2021011903024761,59,28,3000,198.0,594000.0
1741,2021/01/19,2021011903024030,49,50,398,198.0,78804.0
1743,2021/01/19,2021011903023145,57,50,78,199.0,15522.0
1745,2021/01/19,2021011903021964,34,33,10,199.0,1990.0
1747,2021/01/19,2021011903020396,47,50,200,199.0,39800.0
1749,2021/01/19,2021011903019075,35,39,298,200.0,59600.0
1751,2021/01/20,2021012003006515,17,11,100,211.0,21100.0
1753,2021/01/20,2021012003006281,58,57,815,208.0,169520.0
1755,2021/01/20,2021012003006277,58,41,100,207.0,20700.0
1757,2021/01/20,2021012003006191,39,57,100,207.0,20700.0
1759,2021/01/20,2021012003006187,39,14,100,207.0,20700.0
1761,2021/01/20,2021012003006027,58,29,60,206.0,12360.0
1763,2021/01/20,2021012003005874,58,55,500,205.0,102500.0
1765,2021/01/20,2021012003004540,39,50,300,204.0,61200.0
1767,2021/01/20,2021012003003585,46,39,200,202.0,40400.0
1769,2021/01/20,2021012003002870,46,37,500,203.0,101500.0
1771,2021/01/20,2021012003002225,51,1,595,202.0,120190.0
1773,2021/01/20,2021012003001801,34,1,215,199.0,42785.0
1775,2021/01/20,2021012003000999,13,38,300,200.0,60000.0
1777,2021/01/20,2021012003000200,13,55,200,203.0,40600.0
1779,2021/01/19,2021011903028671,52,58,200,199.0,39800.0
1781,2021/01/19,2021011903027698,6,39,80,200.0,16000.0
1783,2021/01/19,2021011903026335,45,39,100,200.0,20000.0
1785,2021/01/19,2021011903025278,52,42,13,198.0,2574.0
1787,2021/01/19,2021011903024762,1,28,163,198.0,32274.0
1789,2021/01/19,2021011903024514,52,33,100,199.0,19900.0
1791,2021/01/19,2021011903023307,57,33,100,199.0,19900.0
1793,2021/01/19,2021011903022323,49,1,25,198.0,4950.0
1795,2021/01/19,2021011903020993,42,46,100,199.0,19900.0
1797,2021/01/19,2021011903019076,35,39,148,200.0,29600.0
1799,2021/01/19,2021011903018198,45,39,1000,200.0,200000.0
1801,2021/01/20,2021012003006529,45,37,77,210.0,16170.0
1803,2021/01/20,2021012003006282,58,49,60,208.0,12480.0
1805,2021/01/20,2021012003006278,58,11,218,208.0,45344.0
1807,2021/01/20,2021012003006274,58,57,400,207.0,82800.0
1809,2021/01/20,2021012003006188,39,14,50,207.0,10350.0
1811,2021/01/20,2021012003006028,58,32,1000,206.0,206000.0
1813,2021/01/20,2021012003005875,58,43,900,205.0,184500.0
1815,2021/01/20,2021012003005056,29,49,1000,204.0,204000.0
1817,2021/01/20,2021012003003909,46,14,119,202.0,24038.0
1819,2021/01/20,2021012003003042,58,41,269,204.0,54876.0
1821,2021/01/20,2021012003002413,58,55,270,203.0,54810.0
1823,2021/01/20,2021012003002013,46,26,200,201.0,40200.0
1825,2021/01/20,2021012003001000,13,38,350,200.0,70000.0
1827,2021/01/20,2021012003000547,51,41,100,202.0,20200.0
1829,2021/01/19,2021011903028672,42,58,200,199.0,39800.0
1831,2021/01/19,2021011903027758,52,28,200,199.0,39800.0
1833,2021/01/19,2021011903026533,32,39,200,200.0,40000.0
1835,2021/01/19,2021011903025298,52,38,24,198.0,4752.0
1837,2021/01/19,2021011903025151,52,25,500,199.0,99500.0
1839,2021/01/19,2021011903024759,38,28,200,199.0,39800.0
1841,2021/01/19,2021011903024028,57,50,22,199.0,4378.0
1843,2021/01/19,2021011903022465,49,49,50,198.0,9900.0
1845,2021/01/19,2021011903020994,41,46,500,198.0,99000.0
1847,2021/01/19,2021011903020084,34,39,25,200.0,5000.0
1849,2021/01/19,2021011903018499,35,49,54,199.0,10746.0
1851,2021/01/20,2021012003006530,58,37,123,210.0,25830.0
1853,2021/01/20,2021012003006283,58,14,600,208.0,124800.0
1855,2021/01/20,2021012003006279,58,28,10,208.0,2080.0
1857,2021/01/20,2021012003006275,58,57,100,207.0,20700.0
1859,2021/01/20,2021012003006189,39,52,35,207.0,7245.0
1861,2021/01/20,2021012003006029,58,28,20,206.0,4120.0
1863,2021/01/20,2021012003006025,58,37,500,205.0,102500.0
1865,2021/01/20,2021012003005872,58,37,300,204.0,61200.0
1867,2021/01/20,2021012003004015,34,14,81,202.0,16362.0
1869,2021/01/20,2021012003003043,58,28,50,204.0,10200.0
