#,Date,Transact. No,Buyer,Seller,Qty,Rate,Amount
1,2021/02/01,2.02E+15,45,1,10,20001,200010
2,2021/02/01,2.02E+15,58,34,10,20002,200020
3,2021/02/01,2.02E+15,42,40,10,20245,202450
4,2021/02/01,2.02E+15,42,41,10,20245,202450
5,2021/02/01,2.02E+15,16,58,19,20245,384655
6,2021/02/01,2.02E+15,42,55,10,20003,200030
7,2021/02/01,2.02E+15,42,34,10,19849,198490
1,2021/02/02,2.02E+15,35,59,10,20000,200000
2,2021/02/02,2.02E+15,35,59,10,19800,198000
3,2021/02/02,2.02E+15,59,59,10,20200,202000
4,2021/02/02,2.02E+15,42,59,10,19997,199970
5,2021/02/02,2.02E+15,6,37,10,19605,196050
6,2021/02/02,2.02E+15,6,42,10,20000,200000
1,2021/02/03,2.02E+15,44,50,10,19600,196000
2,2021/02/03,2.02E+15,38,50,10,19700,197000
3,2021/02/03,2.02E+15,38,49,10,19700,197000
4,2021/02/03,2.02E+15,38,51,10,19700,197000
1,2021/02/04,2.02E+15,38,7,10,19800,198000
2,2021/02/04,2.02E+15,56,39,10,19401,194010
3,2021/02/04,2.02E+15,56,16,20,19500,390000
4,2021/02/04,2.02E+15,52,34,20,19500,390000
5,2021/02/04,2.02E+15,14,41,10,19500,195000
6,2021/02/04,2.02E+15,58,14,10,19550,195500
7,2021/02/04,2.02E+15,42,14,10,19650,196500
1,2021/02/07,2.02E+15,13,6,10,20022,200220
2,2021/02/07,2.02E+15,37,54,10,20400,204000
3,2021/02/07,2.02E+15,21,13,10,20430,204300
4,2021/02/07,2.02E+15,28,13,18,20300,365400
5,2021/02/07,2.02E+15,13,49,10,20196,201960
6,2021/02/07,2.02E+15,13,45,10,20150,201500
7,2021/02/07,2.02E+15,13,39,10,20000,200000
8,2021/02/07,2.02E+15,13,44,10,20000,200000
9,2021/02/07,2.02E+15,13,7,10,20000,200000
1,2021/02/08,2.02E+15,13,47,10,19990,199900
2,2021/02/08,2.02E+15,41,34,10,19985,199850
3,2021/02/08,2.02E+15,34,58,10,20000,200000
4,2021/02/08,2.02E+15,13,58,10,20000,200000
5,2021/02/08,2.02E+15,13,50,10,20000,200000
6,2021/02/08,2.02E+15,41,50,10,20000,200000
1,2021/02/09,2.02E+15,13,41,10,20150,201500
2,2021/02/09,2.02E+15,55,50,10,20000,200000
1,2021/02/10,2.02E+15,42,22,10,20100,201000
2,2021/02/10,2.02E+15,42,45,10,20000,200000
3,2021/02/10,2.02E+15,49,32,10,19900,199000
4,2021/02/10,2.02E+15,58,18,10,20100,201000
5,2021/02/10,2.02E+15,42,18,10,20149,201490
1,2021/02/11,2.02E+15,38,57,10,19700,197000
2,2021/02/11,2.02E+15,17,57,10,19700,197000
3,2021/02/11,2.02E+15,17,59,10,19700,197000
4,2021/02/11,2.02E+15,17,49,10,19700,197000
5,2021/02/11,2.02E+15,17,28,10,19700,197000
6,2021/02/11,2.02E+15,42,28,10,20000,200000
7,2021/02/11,2.02E+15,42,6,10,20000,200000
8,2021/02/11,2.02E+15,58,32,10,20000,200000
9,2021/02/11,2.02E+15,17,14,10,19700,197000
1,2021/02/14,2.02E+15,42,22,10,19500,195000
2,2021/02/14,2.02E+15,52,6,10,19500,195000
3,2021/02/14,2.02E+15,21,45,10,19251,192510
4,2021/02/14,2.02E+15,17,35,10,19500,195000
5,2021/02/14,2.02E+15,17,56,30,19500,585000
6,2021/02/14,2.02E+15,17,55,10,19500,195000
1,2021/02/15,2.02E+15,49,1,10,19600,196000
2,2021/02/15,2.02E+15,44,45,10,19500,195000
3,2021/02/15,2.02E+15,55,45,10,19500,195000
1,2021/02/16,2.02E+15,35,34,10,19570,195700
2,2021/02/16,2.02E+15,35,25,10,19700,197000
3,2021/02/16,2.02E+15,35,22,10,19650,196500
4,2021/02/16,2.02E+15,58,41,10,19650,196500
5,2021/02/16,2.02E+15,55,49,10,19650,196500
1,2021/02/17,2.02E+15,35,22,20,19510,390200
2,2021/02/17,2.02E+15,5,49,10,19400,194000
3,2021/02/17,2.02E+15,36,49,10,19584,195840
4,2021/02/17,2.02E+15,55,46,10,19690,196900
5,2021/02/17,2.02E+15,36,49,10,19584,195840
6,2021/02/17,2.02E+15,35,39,10,19200,192000
7,2021/02/17,2.02E+15,6,51,10,19185,191850
1,2021/02/18,2.02E+15,35,49,10,19899,198990
2,2021/02/18,2.02E+15,51,22,10,19890,198900
3,2021/02/18,2.02E+15,55,44,10,19800,198000
4,2021/02/18,2.02E+15,35,8,10,19850,198500
5,2021/02/18,2.02E+15,35,28,10,19840,198400
6,2021/02/18,2.02E+15,35,20,20,19800,396000
7,2021/02/18,2.02E+15,35,20,20,19700,394000
8,2021/02/18,2.02E+15,55,22,10,19660,196600
9,2021/02/18,2.02E+15,55,20,10,19500,195000
1,2021/02/22,2.02E+15,42,56,10,20275,202750
2,2021/02/22,2.02E+15,13,41,10,20296,202960
3,2021/02/22,2.02E+15,10,21,10,20295,202950
4,2021/02/22,2.02E+15,13,45,10,20000,200000
5,2021/02/22,2.02E+15,13,56,10,20000,200000
6,2021/02/22,2.02E+15,10,56,10,20000,200000
7,2021/02/22,2.02E+15,10,34,10,19975,199750
8,2021/02/22,2.02E+15,41,6,10,19975,199750
9,2021/02/22,2.02E+15,54,34,10,19905,199050
1,2021/02/23,2.02E+15,13,42,15,19204,288060
2,2021/02/23,2.02E+15,16,42,10,19450,194500
3,2021/02/23,2.02E+15,45,42,10,19550,195500
4,2021/02/23,2.02E+15,13,33,10,19450,194500
5,2021/02/23,2.02E+15,58,56,10,19600,196000
6,2021/02/23,2.02E+15,17,17,10,19595,195950
7,2021/02/23,2.02E+15,52,48,10,19401,194010
8,2021/02/23,2.02E+15,53,21,10,19401,194010
9,2021/02/23,2.02E+15,6,17,10,19473,194730
10,2021/02/23,2.02E+15,19,28,10,19474,194740
11,2021/02/23,2.02E+15,44,17,10,19475,194750
12,2021/02/23,2.02E+15,21,17,10,19476,194760
13,2021/02/23,2.02E+15,19,17,10,19485,194850
14,2021/02/23,2.02E+15,13,36,10,19870,198700
1,2021/02/24,2.02E+15,45,5,10,19700,197000
2,2021/02/24,2.02E+15,26,17,10,19750,197500
3,2021/02/24,2.02E+15,32,17,20,19600,392000
4,2021/02/24,2.02E+15,59,17,10,19600,196000
5,2021/02/24,2.02E+15,32,17,20,19600,392000
6,2021/02/24,2.02E+15,16,17,20,19580,391600
7,2021/02/24,2.02E+15,16,17,10,19500,195000
8,2021/02/24,2.02E+15,44,43,10,18900,189000
1,2021/03/01,2.02E+15,42,16,10,19500,195000
2,2021/03/01,2.02E+15,40,42,20,19759,395180
1,2021/03/02,2.02E+15,43,50,10,18728,187280
2,2021/03/02,2.02E+15,13,50,30,18729,561870
3,2021/03/02,2.02E+15,45,50,10,19110,191100
4,2021/03/02,2.02E+15,38,50,10,19110,191100
5,2021/03/02,2.02E+15,54,50,10,19121,191210
1,2021/03/03,2.02E+15,57,33,10,18728,187280
2,2021/03/03,2.02E+15,52,33,10,18728,187280
1,2021/03/04,2.02E+15,44,5,10,18722,187220
2,2021/03/04,2.02E+15,55,33,10,19101,191010
1,2021/03/07,2.02E+15,6,13,10,18450,184500
1,2021/03/09,2.02E+15,58,17,10,18450,184500
1,2021/03/10,2.02E+15,57,43,10,19184,191840
2,2021/03/10,2.02E+15,45,33,10,18809,188090
3,2021/03/10,2.02E+15,55,33,10,18809,188090
4,2021/03/10,2.02E+15,55,57,10,18800,188000
1,2021/03/14,2.02E+15,38,35,10,18900,189000
2,2021/03/14,2.02E+15,58,6,10,18620,186200
3,2021/03/14,2.02E+15,43,57,10,18802,188020
4,2021/03/14,2.02E+15,43,50,10,18803,188030
5,2021/03/14,2.02E+15,55,59,10,19000,190000
1,2021/03/15,2.02E+15,13,49,10,19200,192000
2,2021/03/15,2.02E+15,47,57,10,18900,189000
1,2021/03/16,2.02E+15,26,6,10,19400,194000
2,2021/03/16,2.02E+15,11,54,10,19584,195840
3,2021/03/16,2.02E+15,40,54,10,19584,195840
1,2021/03/17,2.02E+15,41,21,10,19350,193500
2,2021/03/17,2.02E+15,45,45,10,19351,193510
3,2021/03/17,2.02E+15,32,43,10,19700,197000
1,2021/03/18,2.02E+15,8,58,10,18965,189650
2,2021/03/18,2.02E+15,58,42,20,18966,379320
3,2021/03/18,2.02E+15,43,42,10,19000,190000
1,2021/03/21,2.02E+15,7,22,10,19500,195000
2,2021/03/21,2.02E+15,13,53,10,19727,197270
3,2021/03/21,2.02E+15,13,14,10,19341,193410
1,2021/03/22,2.02E+15,13,22,10,19600,196000
1,2021/03/23,2.02E+15,25,22,10,19210,192100
1,2021/03/24,2.02E+15,13,43,10,19869,198690
2,2021/03/24,2.02E+15,13,43,10,19700,197000
3,2021/03/24,2.02E+15,13,28,10,19690,196900
4,2021/03/24,2.02E+15,13,44,10,19700,197000
5,2021/03/24,2.02E+15,13,38,10,19594,195940
6,2021/03/24,2.02E+15,13,44,10,19500,195000
7,2021/03/24,2.02E+15,44,49,10,19499,194990
8,2021/03/24,2.02E+15,13,58,11,19490,214390
9,2021/03/24,2.02E+15,13,45,10,19490,194900
10,2021/03/24,2.02E+15,13,28,10,19480,194800
11,2021/03/24,2.02E+15,13,41,10,19400,194000
12,2021/03/24,2.02E+15,6,26,10,19500,195000
1,2021/03/25,2.02E+15,13,54,10,19900,199000
2,2021/03/25,2.02E+15,55,8,10,19600,196000
3,2021/03/25,2.02E+15,16,5,10,19990,199900
4,2021/03/25,2.02E+15,13,40,10,19990,199900
5,2021/03/25,2.02E+15,13,52,10,19900,199000
1,2021/03/29,2.02E+15,13,58,10,20100,201000
2,2021/03/29,2.02E+15,13,58,10,19900,199000
3,2021/03/29,2.02E+15,13,32,10,19900,199000
4,2021/03/29,2.02E+15,19,32,10,19900,199000
5,2021/03/29,2.02E+15,19,52,10,19900,199000
6,2021/03/29,2.02E+15,13,45,10,19800,198000
7,2021/03/29,2.02E+15,25,45,10,19800,198000
8,2021/03/29,2.02E+15,39,16,10,19800,198000
9,2021/03/29,2.02E+15,58,52,10,20000,200000
10,2021/03/29,2.02E+15,55,21,10,20199,201990
1,2021/03/30,2.02E+15,13,34,10,20400,204000
2,2021/03/30,2.02E+15,56,35,10,20100,201000
1,2021/04/01,2.02E+15,13,6,10,20300,203000
2,2021/04/01,2.02E+15,13,45,10,20196,201960
3,2021/04/01,2.02E+15,13,10,10,20192,201920
4,2021/04/01,2.02E+15,13,57,10,20180,201800
5,2021/04/01,2.02E+15,13,5,10,20180,201800
6,2021/04/01,2.02E+15,17,10,10,19800,198000
7,2021/04/01,2.02E+15,25,39,10,19797,197970
8,2021/04/01,2.02E+15,53,39,10,20000,200000
9,2021/04/01,2.02E+15,28,28,50,20100,1005000
10,2021/04/01,2.02E+15,13,57,10,20200,202000
1,2021/04/04,2.02E+15,13,29,10,20190,201900
2,2021/04/04,2.02E+15,13,52,10,20000,200000
3,2021/04/04,2.02E+15,46,28,10,19905,199050
4,2021/04/04,2.02E+15,13,28,10,19910,199100
5,2021/04/04,2.02E+15,13,19,10,20000,200000
1,2021/04/05,2.02E+15,8,28,10,19787,197870
2,2021/04/05,2.02E+15,21,28,10,19787,197870
3,2021/04/05,2.02E+15,38,28,10,19787,197870
4,2021/04/05,2.02E+15,50,28,10,19787,197870
5,2021/04/05,2.02E+15,46,28,10,19790,197900
1,2021/04/06,2.02E+15,38,49,20,20000,400000
2,2021/04/06,2.02E+15,34,49,10,20000,200000
3,2021/04/06,2.02E+15,38,35,10,20182,201820
1,2021/04/07,2.02E+15,39,55,10,19601,196010
1,2021/04/12,2.02E+15,55,50,10,19897,198970
2,2021/04/12,2.02E+15,55,17,10,19600,196000
1,2021/04/13,2.02E+15,44,29,10,19287,192870
2,2021/04/13,2.02E+15,13,38,10,19680,196800
3,2021/04/13,2.02E+15,13,59,10,19680,196800
4,2021/04/13,2.02E+15,56,56,20,20049,400980
5,2021/04/13,2.02E+15,56,58,10,20009,200090
6,2021/04/13,2.02E+15,56,25,10,20000,200000
7,2021/04/13,2.02E+15,56,58,10,19897,198970
8,2021/04/13,2.02E+15,55,13,10,19890,198900
9,2021/04/13,2.02E+15,17,41,10,19500,195000
1,2021/04/15,2.02E+15,13,45,10,19500,195000
2,2021/04/15,2.02E+15,13,16,10,19500,195000
3,2021/04/15,2.02E+15,19,10,10,19490,194900
4,2021/04/15,2.02E+15,38,1,10,19160,191600
5,2021/04/15,2.02E+15,13,34,20,19150,383000
6,2021/04/15,2.02E+15,35,34,10,19151,191510
7,2021/04/15,2.02E+15,13,39,10,19150,191500
1,2021/04/18,2.02E+15,42,34,10,19300,193000
1,2021/04/19,2.02E+15,13,19,10,19201,192010
2,2021/04/19,2.02E+15,26,57,20,19202,384040
3,2021/04/19,2.02E+15,13,49,10,19201,192010
4,2021/04/19,2.02E+15,58,26,10,19300,193000
1,2021/04/20,2.02E+15,35,40,10,19294,192940
2,2021/04/20,2.02E+15,28,57,10,19293,192930
3,2021/04/20,2.02E+15,6,13,10,18916,189160
1,2021/04/21,2.02E+15,59,26,10,19300,193000
2,2021/04/21,2.02E+15,59,26,10,19300,193000
3,2021/04/21,2.02E+15,25,14,10,19500,195000
4,2021/04/21,2.02E+15,38,46,10,19260,192600
5,2021/04/21,2.02E+15,41,56,10,19300,193000
1,2021/04/22,2.02E+15,49,57,10,19440,194400
1,2021/04/25,2.02E+15,32,28,10,19045,190450
2,2021/04/25,2.02E+15,48,6,10,19433,194330
3,2021/04/25,2.02E+15,57,6,10,19052,190520
1,2021/04/26,2.02E+15,13,41,10,19095,190950
2,2021/04/26,2.02E+15,13,47,10,19095,190950
3,2021/04/26,2.02E+15,13,42,10,19000,190000
4,2021/04/26,2.02E+15,14,13,10,19045,190450
1,2021/04/27,2.02E+15,13,40,10,19476,194760
2,2021/04/27,2.02E+15,13,16,10,19400,194000
1,2021/04/28,2.02E+15,42,7,10,19450,194500
2,2021/04/28,2.02E+15,35,50,10,19600,196000
3,2021/04/28,2.02E+15,58,6,10,19500,195000
1,2021/04/29,2.02E+15,50,40,10,19062,190620
2,2021/04/29,2.02E+15,13,55,10,19061,190610
1,2021/05/02,2.02E+15,57,58,10,19000,190000
2,2021/05/02,2.02E+15,58,49,10,19015,190150
3,2021/05/02,2.02E+15,5,49,10,19016,190160
4,2021/05/02,2.02E+15,26,40,10,19400,194000
5,2021/05/02,2.02E+15,51,38,10,19430,194300
1,2021/05/03,2.02E+15,13,25,10,18902,189020
2,2021/05/03,2.02E+15,11,59,10,19000,190000
3,2021/05/03,2.02E+15,38,48,10,19279,192790
4,2021/05/03,2.02E+15,38,16,10,19279,192790
5,2021/05/03,2.02E+15,13,40,10,18901,189010
1,2021/05/04,2.02E+15,42,13,1,18851,18851
2,2021/05/04,2.02E+15,41,13,10,18851,188510
3,2021/05/04,2.02E+15,38,46,20,18625,372500
4,2021/05/04,2.02E+15,6,34,10,18902,189020
5,2021/05/04,2.02E+15,17,34,10,18903,189030
6,2021/05/04,2.02E+15,17,13,10,18903,189030
1,2021/05/05,2.02E+15,21,13,10,18705,187050
2,2021/05/05,2.02E+15,43,13,10,18705,187050
3,2021/05/05,2.02E+15,42,34,10,18851,188510
4,2021/05/05,2.02E+15,36,16,10,19100,191000
5,2021/05/05,2.02E+15,38,16,20,19000,380000
6,2021/05/05,2.02E+15,32,16,20,18855,377100
7,2021/05/05,2.02E+15,26,13,10,18852,188520
1,2021/05/06,2.02E+15,29,16,10,19079,190790
1,2021/05/09,2.02E+15,19,32,10,19079,190790
1,2021/05/11,2.02E+15,21,55,10,19550,195500
2,2021/05/11,2.02E+15,25,26,10,19500,195000
3,2021/05/11,2.02E+15,25,58,10,19500,195000
4,2021/05/11,2.02E+15,56,34,10,19460,194600
5,2021/05/11,2.02E+15,56,35,10,19460,194600
6,2021/05/11,2.02E+15,56,35,10,19450,194500
7,2021/05/11,2.02E+15,16,14,10,19444,194440
8,2021/05/11,2.02E+15,16,47,10,19444,194440
9,2021/05/11,2.02E+15,26,19,16,19400,310400
10,2021/05/11,2.02E+15,25,29,10,19300,193000
11,2021/05/11,2.02E+15,28,58,10,19079,190790
1,2021/05/12,2.02E+15,49,16,10,21430,214300
2,2021/05/12,2.02E+15,49,34,10,21420,214200
3,2021/05/12,2.02E+15,49,25,10,21419,214190
4,2021/05/12,2.02E+15,49,57,10,21400,214000
5,2021/05/12,2.02E+15,49,46,10,21400,214000
6,2021/05/12,2.02E+15,49,55,10,21200,212000
7,2021/05/12,2.02E+15,49,58,10,21095,210950
8,2021/05/12,2.02E+15,50,56,10,21015,210150
9,2021/05/12,2.02E+15,50,46,10,21012,210120
10,2021/05/12,2.02E+15,50,21,10,21000,210000
11,2021/05/12,2.02E+15,50,10,10,21000,210000
12,2021/05/12,2.02E+15,50,13,10,20980,209800
13,2021/05/12,2.02E+15,51,56,20,20751,415020
14,2021/05/12,2.02E+15,51,56,10,20751,207510
15,2021/05/12,2.02E+15,45,26,10,21000,210000
16,2021/05/12,2.02E+15,51,17,20,21000,420000
17,2021/05/12,2.02E+15,51,56,10,21000,210000
18,2021/05/12,2.02E+15,19,56,10,21015,210150
19,2021/05/12,2.02E+15,22,56,35,21010,735350
20,2021/05/12,2.02E+15,51,56,50,21011,1050550
21,2021/05/12,2.02E+15,51,17,10,21011,210110
22,2021/05/12,2.02E+15,45,10,10,21002,210020
23,2021/05/12,2.02E+15,22,3,10,21000,210000
24,2021/05/12,2.02E+15,42,3,10,21005,210050
25,2021/05/12,2.02E+15,51,25,25,21425,535625
26,2021/05/12,2.02E+15,51,56,10,21420,214200
27,2021/05/12,2.02E+15,51,20,25,21400,535000
28,2021/05/12,2.02E+15,51,26,10,21400,214000
29,2021/05/12,2.02E+15,51,17,10,21400,214000
30,2021/05/12,2.02E+15,51,17,10,21450,214500
31,2021/05/12,2.02E+15,50,44,10,21500,215000
32,2021/05/12,2.02E+15,19,13,10,21505,215050
33,2021/05/12,2.02E+15,51,58,10,21157,211570
34,2021/05/12,2.02E+15,51,45,10,21157,211570
35,2021/05/12,2.02E+15,51,42,10,21156,211560
36,2021/05/12,2.02E+15,51,13,20,21156,423120
37,2021/05/12,2.02E+15,58,58,10,20742,207420
38,2021/05/12,2.02E+15,26,45,10,20743,207430
39,2021/05/12,2.02E+15,55,28,10,20743,207430
40,2021/05/12,2.02E+15,55,13,10,20743,207430
41,2021/05/12,2.02E+15,55,13,10,20337,203370
42,2021/05/12,2.02E+15,55,13,10,20337,203370
43,2021/05/12,2.02E+15,43,14,10,20337,203370
44,2021/05/12,2.02E+15,55,10,10,19939,199390
45,2021/05/12,2.02E+15,55,10,10,19939,199390
46,2021/05/12,2.02E+15,45,48,10,19939,199390
47,2021/05/12,2.02E+15,45,43,10,19930,199300
48,2021/05/12,2.02E+15,49,49,200,19550,3910000
49,2021/05/12,2.02E+15,8,17,10,19300,193000
50,2021/05/12,2.02E+15,49,25,10,19200,192000
51,2021/05/12,2.02E+15,42,17,10,19300,193000
52,2021/05/12,2.02E+15,43,25,10,19159,191590
53,2021/05/12,2.02E+15,35,25,20,19160,383200
54,2021/05/12,2.02E+15,43,25,10,19175,191750
55,2021/05/12,2.02E+15,22,45,10,19550,195500
1,2021/05/13,2.02E+15,57,6,10,21100,211000
2,2021/05/13,2.02E+15,35,6,10,21500,215000
3,2021/05/13,2.02E+15,35,6,10,21420,214200
4,2021/05/13,2.02E+15,29,59,20,21200,424000
5,2021/05/13,2.02E+15,50,58,10,20999,209990
6,2021/05/13,2.02E+15,45,6,10,21000,210000
7,2021/05/13,2.02E+15,44,38,10,21000,210000
8,2021/05/13,2.02E+15,53,8,10,21420,214200
9,2021/05/13,2.02E+15,51,13,10,21410,214100
10,2021/05/13,2.02E+15,20,13,10,20993,209930
11,2021/05/13,2.02E+15,50,13,10,21421,214210
12,2021/05/13,2.02E+15,26,13,10,21858,218580
13,2021/05/13,2.02E+15,41,26,10,21860,218600
14,2021/05/13,2.02E+15,29,56,10,22260,222600
15,2021/05/13,2.02E+15,17,6,10,22263,222630
16,2021/05/13,2.02E+15,36,50,10,22717,227170
17,2021/05/13,2.02E+15,38,59,10,22717,227170
18,2021/05/13,2.02E+15,38,19,10,22717,227170
19,2021/05/13,2.02E+15,44,56,10,22295,222950
20,2021/05/13,2.02E+15,20,56,10,22295,222950
21,2021/05/13,2.02E+15,26,54,10,23180,231800
22,2021/05/13,2.02E+15,26,26,10,23180,231800
23,2021/05/13,2.02E+15,22,57,10,22740,227400
24,2021/05/13,2.02E+15,20,16,10,22800,228000
25,2021/05/13,2.02E+15,22,37,10,22740,227400
26,2021/05/13,2.02E+15,22,37,10,22740,227400
27,2021/05/13,2.02E+15,25,39,10,22295,222950
28,2021/05/13,2.02E+15,52,13,10,22295,222950
29,2021/05/13,2.02E+15,19,10,10,22295,222950
30,2021/05/13,2.02E+15,49,26,10,21859,218590
31,2021/05/13,2.02E+15,22,13,10,21858,218580
32,2021/05/13,2.02E+15,22,46,10,21858,218580
1,2021/05/16,2.02E+15,35,49,20,21300,426000
2,2021/05/16,2.02E+15,57,45,10,21300,213000
3,2021/05/16,2.02E+15,35,45,10,21250,212500
4,2021/05/16,2.02E+15,35,49,10,21100,211000
5,2021/05/16,2.02E+15,50,56,10,21100,211000
6,2021/05/16,2.02E+15,50,3,10,20990,209900
7,2021/05/16,2.02E+15,44,11,10,20950,209500
8,2021/05/16,2.02E+15,58,56,10,21000,210000
9,2021/05/16,2.02E+15,38,56,10,21200,212000
10,2021/05/16,2.02E+15,20,56,10,21130,211300
11,2021/05/16,2.02E+15,8,56,10,21150,211500
12,2021/05/16,2.02E+15,25,42,10,21350,213500
13,2021/05/16,2.02E+15,58,46,10,21300,213000
14,2021/05/16,2.02E+15,58,42,10,21250,212500
15,2021/05/16,2.02E+15,11,50,10,21250,212500
1,2021/05/17,2.02E+15,35,26,16,21030,336480
2,2021/05/17,2.02E+15,35,16,19,21000,399000
3,2021/05/17,2.02E+15,44,35,10,21000,210000
4,2021/05/17,2.02E+15,20,16,10,20900,209000
5,2021/05/17,2.02E+15,53,45,10,20920,209200
6,2021/05/17,2.02E+15,20,55,10,20900,209000
7,2021/05/17,2.02E+15,25,21,10,21000,210000
8,2021/05/17,2.02E+15,45,14,10,21000,210000
9,2021/05/17,2.02E+15,44,57,10,21217,212170
10,2021/05/17,2.02E+15,8,5,10,21650,216500
1,2021/05/18,2.02E+15,35,41,10,21070,210700
2,2021/05/18,2.02E+15,35,26,10,21065,210650
3,2021/05/18,2.02E+15,35,38,10,21000,210000
4,2021/05/18,2.02E+15,20,38,10,21025,210250
5,2021/05/18,2.02E+15,20,55,10,21025,210250
6,2021/05/18,2.02E+15,58,25,10,21000,210000
7,2021/05/18,2.02E+15,51,22,10,20613,206130
8,2021/05/18,2.02E+15,44,22,10,20615,206150
9,2021/05/18,2.02E+15,49,22,10,20615,206150
10,2021/05/18,2.02E+15,20,22,10,20616,206160
11,2021/05/18,2.02E+15,44,22,10,20620,206200
12,2021/05/18,2.02E+15,44,49,10,20700,207000
13,2021/05/18,2.02E+15,7,25,10,21000,210000
14,2021/05/18,2.02E+15,10,25,10,21010,210100
15,2021/05/18,2.02E+15,44,17,10,21100,211000
1,2021/05/19,2.02E+15,35,53,10,20899,208990
2,2021/05/19,2.02E+15,35,51,10,20895,208950
3,2021/05/19,2.02E+15,50,51,10,20651,206510
4,2021/05/19,2.02E+15,38,51,10,20652,206520
5,2021/05/19,2.02E+15,44,45,10,20700,207000
6,2021/05/19,2.02E+15,45,45,10,20710,207100
1,2021/05/20,2.02E+15,35,22,15,20483,307245
2,2021/05/20,2.02E+15,50,22,10,20483,204830
3,2021/05/20,2.02E+15,34,22,10,20485,204850
4,2021/05/20,2.02E+15,42,22,10,20500,205000
5,2021/05/20,2.02E+15,40,52,10,20490,204900
6,2021/05/20,2.02E+15,45,19,10,20500,205000
7,2021/05/20,2.02E+15,44,19,10,20500,205000
8,2021/05/20,2.02E+15,44,56,10,20708,207080
9,2021/05/20,2.02E+15,19,22,10,21130,211300
1,2021/05/23,2.02E+15,14,55,10,20150,201500
2,2021/05/23,2.02E+15,14,32,10,20300,203000
3,2021/05/23,2.02E+15,49,38,10,20350,203500
4,2021/05/23,2.02E+15,14,58,10,20400,204000
1,2021/05/24,2.02E+15,57,16,10,20150,201500
2,2021/05/24,2.02E+15,48,51,20,20141,402820
3,2021/05/24,2.02E+15,34,51,10,20141,201410
4,2021/05/24,2.02E+15,42,51,20,20200,404000
5,2021/05/24,2.02E+15,57,51,10,20210,202100
6,2021/05/24,2.02E+15,57,35,10,20552,205520
1,2021/05/25,2.02E+15,28,45,10,20000,200000
2,2021/05/25,2.02E+15,28,58,10,20000,200000
3,2021/05/25,2.02E+15,45,51,20,19900,398000
4,2021/05/25,2.02E+15,57,19,10,20141,201410
5,2021/05/25,2.02E+15,55,51,10,20000,200000
6,2021/05/25,2.02E+15,39,51,10,20141,201410
7,2021/05/25,2.02E+15,39,51,10,20141,201410
8,2021/05/25,2.02E+15,45,51,20,20142,402840
9,2021/05/25,2.02E+15,55,34,10,20552,205520
1,2021/05/27,2.02E+15,58,25,10,20000,200000
2,2021/05/27,2.02E+15,38,25,10,20011,200110
3,2021/05/27,2.02E+15,14,25,10,20050,200500
4,2021/05/27,2.02E+15,13,25,15,20080,301200
5,2021/05/27,2.02E+15,14,55,10,20399,203990
6,2021/05/27,2.02E+15,57,28,10,20400,204000
7,2021/05/27,2.02E+15,41,13,20,20400,408000
8,2021/05/27,2.02E+15,41,55,10,20350,203500
9,2021/05/27,2.02E+15,41,57,10,20300,203000
10,2021/05/27,2.02E+15,38,7,10,20100,201000
11,2021/05/27,2.02E+15,22,13,10,20069,200690
12,2021/05/27,2.02E+15,58,17,10,19676,196760
13,2021/05/27,2.02E+15,19,51,10,19700,197000
1,2021/05/30,2.02E+15,36,25,20,20200,404000
2,2021/05/30,2.02E+15,22,25,10,20303,203030
3,2021/05/30,2.02E+15,36,51,20,20300,406000
4,2021/05/30,2.02E+15,41,51,20,20375,407500
5,2021/05/30,2.02E+15,22,51,10,20380,203800
6,2021/05/30,2.02E+15,49,51,10,20390,203900
7,2021/05/30,2.02E+15,17,51,10,20395,203950
8,2021/05/30,2.02E+15,16,25,20,20500,410000
9,2021/05/30,2.02E+15,34,21,10,20790,207900
10,2021/05/30,2.02E+15,53,54,10,20500,205000
11,2021/05/30,2.02E+15,39,20,10,20800,208000
12,2021/05/30,2.02E+15,56,34,10,20800,208000
13,2021/05/30,2.02E+15,46,55,10,20800,208000
14,2021/05/30,2.02E+15,46,45,20,20799,415980
15,2021/05/30,2.02E+15,55,17,15,20500,307500
16,2021/05/30,2.02E+15,21,29,10,20400,204000
17,2021/05/30,2.02E+15,47,29,10,20400,204000
18,2021/05/30,2.02E+15,43,58,10,20400,204000
19,2021/05/30,2.02E+15,14,55,10,20399,203990
20,2021/05/30,2.02E+15,22,14,10,20000,200000
1,2021/06/01,2.02E+15,16,57,10,19894,198940
2,2021/06/01,2.02E+15,16,45,10,19950,199500
3,2021/06/01,2.02E+15,16,58,10,20000,200000
4,2021/06/01,2.02E+15,22,57,10,20000,200000
5,2021/06/01,2.02E+15,56,57,10,20000,200000
1,2021/06/02,2.02E+15,50,32,20,20000,400000
2,2021/06/02,2.02E+15,34,55,15,19891,298365
3,2021/06/02,2.02E+15,19,45,10,19501,195010
4,2021/06/02,2.02E+15,22,45,10,19600,196000
1,2021/06/03,2.02E+15,25,47,10,19826,198260
2,2021/06/03,2.02E+15,45,22,10,19900,199000
3,2021/06/03,2.02E+15,16,13,10,19901,199010
4,2021/06/03,2.02E+15,16,20,15,19900,298500
5,2021/06/03,2.02E+15,58,57,10,19900,199000
6,2021/06/03,2.02E+15,42,20,10,20000,200000
7,2021/06/03,2.02E+15,55,20,10,20000,200000
8,2021/06/03,2.02E+15,59,32,10,20190,201900
9,2021/06/03,2.02E+15,36,13,10,20200,202000
1,2021/06/06,2.02E+15,13,25,10,19600,196000
2,2021/06/06,2.02E+15,32,25,10,19600,196000
3,2021/06/06,2.02E+15,3,25,10,19600,196000
4,2021/06/06,2.02E+15,11,25,10,19600,196000
5,2021/06/06,2.02E+15,36,25,10,19600,196000
6,2021/06/06,2.02E+15,45,25,10,19822,198220
7,2021/06/06,2.02E+15,21,25,10,19850,198500
8,2021/06/06,2.02E+15,45,54,10,20000,200000
9,2021/06/06,2.02E+15,45,7,10,20000,200000
1,2021/06/07,2.02E+15,58,25,15,19725,295875
2,2021/06/07,2.02E+15,56,25,20,19750,395000
3,2021/06/07,2.02E+15,38,36,10,19810,198100
4,2021/06/07,2.02E+15,42,25,25,19800,495000
5,2021/06/07,2.02E+15,21,54,10,19700,197000
6,2021/06/07,2.02E+15,38,54,10,19700,197000
1,2021/06/08,2.02E+15,34,10,10,19610,196100
2,2021/06/08,2.02E+15,13,54,10,19900,199000
3,2021/06/08,2.02E+15,20,58,10,19700,197000
4,2021/06/08,2.02E+15,13,14,20,19950,399000
5,2021/06/08,2.02E+15,53,54,10,19700,197000
6,2021/06/08,2.02E+15,13,22,10,20050,200500
7,2021/06/08,2.02E+15,26,20,10,19930,199300
8,2021/06/08,2.02E+15,39,54,10,19930,199300
1,2021/06/09,2.02E+15,35,25,15,19310,289650
2,2021/06/09,2.02E+15,22,25,10,19310,193100
3,2021/06/09,2.02E+15,56,25,10,19320,193200
4,2021/06/09,2.02E+15,16,25,10,19320,193200
1,2021/06/10,2.02E+15,48,46,10,19412,194120
2,2021/06/10,2.02E+15,21,46,10,19413,194130
3,2021/06/10,2.02E+15,34,46,10,19696,196960
1,2021/06/13,2.02E+15,21,55,10,19740,197400
2,2021/06/13,2.02E+15,49,38,10,19700,197000
3,2021/06/13,2.02E+15,49,44,10,19700,197000
4,2021/06/13,2.02E+15,42,20,10,19700,197000
5,2021/06/13,2.02E+15,57,54,10,19700,197000
6,2021/06/13,2.02E+15,6,54,10,19700,197000
7,2021/06/13,2.02E+15,6,32,10,19700,197000
8,2021/06/13,2.02E+15,45,26,10,19451,194510
1,2021/06/14,2.02E+15,35,34,10,19998,199980
2,2021/06/14,2.02E+15,49,16,10,19900,199000
3,2021/06/14,2.02E+15,49,56,10,19900,199000
4,2021/06/14,2.02E+15,11,56,20,20000,400000
5,2021/06/14,2.02E+15,49,34,16,19999,319984
6,2021/06/14,2.02E+15,35,32,10,19999,199990
7,2021/06/14,2.02E+15,35,54,10,19900,199000
8,2021/06/14,2.02E+15,35,54,10,19850,198500
9,2021/06/14,2.02E+15,35,13,15,19800,297000
10,2021/06/14,2.02E+15,49,59,10,19600,196000
11,2021/06/14,2.02E+15,42,59,10,19601,196010
12,2021/06/14,2.02E+15,34,45,10,19600,196000
1,2021/06/15,2.02E+15,35,42,10,19998,199980
2,2021/06/15,2.02E+15,28,26,20,19816,396320
3,2021/06/15,2.02E+15,57,26,10,19816,198160
4,2021/06/15,2.02E+15,21,38,10,19850,198500
5,2021/06/15,2.02E+15,49,16,10,19900,199000
1,2021/06/16,2.02E+15,49,6,10,19700,197000
2,2021/06/16,2.02E+15,1,43,10,19950,199500
3,2021/06/16,2.02E+15,13,48,10,20050,200500
4,2021/06/16,2.02E+15,13,48,10,20000,200000
5,2021/06/16,2.02E+15,35,34,10,19800,198000
6,2021/06/16,2.02E+15,34,55,10,20100,201000
7,2021/06/16,2.02E+15,45,56,10,20200,202000
8,2021/06/16,2.02E+15,4,34,10,20000,200000
9,2021/06/16,2.02E+15,48,28,10,20397,203970
1,2021/06/17,2.02E+15,13,59,10,20000,200000
2,2021/06/17,2.02E+15,3,42,10,19800,198000
3,2021/06/17,2.02E+15,58,51,10,19800,198000
4,2021/06/17,2.02E+15,4,45,10,19850,198500
5,2021/06/17,2.02E+15,4,43,10,19850,198500
6,2021/06/17,2.02E+15,13,36,10,20094,200940
7,2021/06/17,2.02E+15,13,8,10,20093,200930
1,2021/06/20,2.02E+15,4,36,10,19604,196040
2,2021/06/20,2.02E+15,4,26,15,19604,294060
3,2021/06/20,2.02E+15,6,26,15,19604,294060
1,2021/06/21,2.02E+15,4,58,10,19221,192210
2,2021/06/21,2.02E+15,43,58,10,19221,192210
3,2021/06/21,2.02E+15,50,58,10,19300,193000
1,2021/06/22,2.02E+15,19,59,10,19990,199900
2,2021/06/22,2.02E+15,49,20,10,19997,199970
3,2021/06/22,2.02E+15,42,22,10,19990,199900
4,2021/06/22,2.02E+15,42,22,10,19990,199900
5,2021/06/22,2.02E+15,13,38,10,19605,196050
1,2021/06/23,2.02E+15,28,39,10,20139,201390
2,2021/06/23,2.02E+15,49,20,10,19900,199000
3,2021/06/23,2.02E+15,19,39,10,20179,201790
4,2021/06/23,2.02E+15,11,56,10,20300,203000
5,2021/06/23,2.02E+15,11,35,10,19990,199900
1,2021/06/24,2.02E+15,28,7,10,20130,201300
2,2021/06/24,2.02E+15,4,17,10,19737,197370
3,2021/06/24,2.02E+15,14,58,10,19750,197500
1,2021/06/27,2.02E+15,41,44,10,20089,200890
2,2021/06/27,2.02E+15,42,43,10,19700,197000
3,2021/06/27,2.02E+15,14,58,10,19750,197500
4,2021/06/27,2.02E+15,49,38,10,20090,200900
5,2021/06/27,2.02E+15,6,7,10,20100,201000
6,2021/06/27,2.02E+15,35,25,10,20500,205000
1,2021/06/28,2.02E+15,6,21,10,19700,197000
2,2021/06/28,2.02E+15,47,49,10,20000,200000
3,2021/06/28,2.02E+15,47,42,10,19990,199900
4,2021/06/28,2.02E+15,54,49,10,20000,200000
1,2021/06/29,2.02E+15,43,38,10,19900,199000
2,2021/06/29,2.02E+15,13,42,10,20018,200180
3,2021/06/29,2.02E+15,34,28,10,19800,198000
4,2021/06/29,2.02E+15,13,25,10,20090,200900
5,2021/06/29,2.02E+15,13,49,10,20000,200000
6,2021/06/29,2.02E+15,13,58,15,20000,300000
1,2021/07/01,2.02E+15,7,21,10,19650,196500
2,2021/07/01,2.02E+15,44,21,10,19600,196000
3,2021/07/01,2.02E+15,39,16,10,19800,198000
1,2021/07/04,2.02E+15,13,22,10,19350,193500
2,2021/07/04,2.02E+15,58,16,10,19350,193500
1,2021/07/05,2.02E+15,45,34,10,19700,197000
1,2021/07/06,2.02E+15,58,11,10,19700,197000
2,2021/07/06,2.02E+15,41,42,14,19692,275688
3,2021/07/06,2.02E+15,5,38,10,19306,193060
4,2021/07/06,2.02E+15,40,38,10,19307,193070
5,2021/07/06,2.02E+15,25,11,10,19700,197000
1,2021/07/07,2.02E+15,7,34,10,19315,193150
2,2021/07/07,2.02E+15,52,34,10,19320,193200
3,2021/07/07,2.02E+15,51,34,10,19350,193500
4,2021/07/07,2.02E+15,13,34,20,19350,387000
5,2021/07/07,2.02E+15,58,34,10,19351,193510
1,2021/07/08,2.02E+15,6,58,10,19800,198000
2,2021/07/08,2.02E+15,32,55,10,19701,197010
3,2021/07/08,2.02E+15,22,49,10,19698,196980
4,2021/07/08,2.02E+15,32,42,10,19700,197000
1,2021/07/11,2.02E+15,13,57,10,19980,199800
1,2021/07/12,2.02E+15,10,52,10,19900,199000
1,2021/07/13,2.02E+15,41,43,10,19790,197900
2,2021/07/13,2.02E+15,13,3,10,19750,197500
3,2021/07/13,2.02E+15,38,38,10,19503,195030
4,2021/07/13,2.02E+15,44,38,10,19510,195100
1,2021/07/15,2.02E+15,7,36,10,19395,193950
2,2021/07/15,2.02E+15,13,43,100,19400,1940000
3,2021/07/15,2.02E+15,35,43,10,19395,193950
4,2021/07/15,2.02E+15,34,43,10,19400,194000
5,2021/07/15,2.02E+15,58,43,20,19400,388000
6,2021/07/15,2.02E+15,51,43,10,19400,194000
7,2021/07/15,2.02E+15,25,43,10,19400,194000
8,2021/07/15,2.02E+15,52,43,10,19441,194410
1,2021/07/18,2.02E+15,21,28,10,19790,197900
2,2021/07/18,2.02E+15,28,25,10,19800,198000
3,2021/07/18,2.02E+15,13,19,10,19780,197800
1,2021/07/19,2.02E+15,46,50,10,19600,196000
2,2021/07/19,2.02E+15,1,50,10,19600,196000
3,2021/07/19,2.02E+15,57,50,10,19700,197000
4,2021/07/19,2.02E+15,51,50,20,19782,395640
5,2021/07/19,2.02E+15,51,16,10,20185,201850
6,2021/07/19,2.02E+15,51,17,20,20185,403700
7,2021/07/19,2.02E+15,51,17,20,20185,403700
8,2021/07/19,2.02E+15,51,58,10,20160,201600
9,2021/07/19,2.02E+15,54,3,10,20100,201000
10,2021/07/19,2.02E+15,54,8,10,20094,200940
11,2021/07/19,2.02E+15,51,17,20,20000,400000
12,2021/07/19,2.02E+15,51,17,20,20000,400000
13,2021/07/19,2.02E+15,54,25,10,19999,199990
14,2021/07/19,2.02E+15,54,49,10,19998,199980
15,2021/07/19,2.02E+15,51,17,20,19800,396000
16,2021/07/19,2.02E+15,51,42,10,19750,197500
17,2021/07/19,2.02E+15,58,28,10,19700,197000
1,2021/07/20,2.02E+15,26,17,10,19900,199000
2,2021/07/20,2.02E+15,10,21,10,20300,203000
3,2021/07/20,2.02E+15,7,42,10,20349.8,203498
4,2021/07/20,2.02E+15,54,46,10,19992,199920
1,2021/07/22,2.02E+15,58,43,10,19989.7,199897
2,2021/07/22,2.02E+15,53,14,10,20298,202980
3,2021/07/22,2.02E+15,53,28,20,20298,405960
1,2021/07/25,2.02E+15,38,38,10,20200,202000
2,2021/07/25,2.02E+15,54,17,10,20295,202950
3,2021/07/25,2.02E+15,56,39,10,20200,202000
4,2021/07/25,2.02E+15,57,39,10,20200,202000
5,2021/07/25,2.02E+15,42,41,10,20297,202970
6,2021/07/25,2.02E+15,49,28,10,20299,202990
7,2021/07/25,2.02E+15,29,6,10,20200,202000
8,2021/07/25,2.02E+15,49,32,10,20100,201000
9,2021/07/25,2.02E+15,17,28,10,19981,199810
10,2021/07/25,2.02E+15,56,44,10,20388,203880
11,2021/07/25,2.02E+15,35,29,10,20387.5,203875
1,2021/07/26,2.02E+15,22,19,10,20250,202500
2,2021/07/26,2.02E+15,57,45,10,20297,202970
3,2021/07/26,2.02E+15,56,10,10,20200,202000
4,2021/07/26,2.02E+15,53,14,20,20300,406000
1,2021/07/27,2.02E+15,28,22,10,20100,201000
2,2021/07/27,2.02E+15,57,16,10,20449.8,204498
1,2021/07/28,2.02E+15,13,8,20,20100.1,402002
2,2021/07/28,2.02E+15,13,43,10,20100.1,201001
3,2021/07/28,2.02E+15,34,58,10,20336.5,203365
4,2021/07/28,2.02E+15,34,34,5,20078.1,100390.5
5,2021/07/28,2.02E+15,14,28,10,20487.8,204878
6,2021/07/28,2.02E+15,34,55,10,20500,205000
7,2021/07/28,2.02E+15,34,21,10,20500,205000
1,2021/07/29,2.02E+15,54,35,10,19698.1,196981
1,2021/08/01,2.02E+15,28,8,10,20175,201750
2,2021/08/01,2.02E+15,13,8,20,20175,403500
3,2021/08/01,2.02E+15,6,32,10,20151,201510
4,2021/08/01,2.02E+15,54,56,10,20493,204930
5,2021/08/01,2.02E+15,13,56,10,20493,204930
6,2021/08/01,2.02E+15,54,32,10,20101,201010
7,2021/08/01,2.02E+15,58,40,10,20493,204930
8,2021/08/01,2.02E+15,38,10,10,20092,200920
1,2021/08/02,2.02E+15,25,42,10,20375,203750
1,2021/08/03,2.02E+15,34,58,10,19602,196020
2,2021/08/03,2.02E+15,20,58,10,19603,196030
3,2021/08/03,2.02E+15,16,55,20,19967,399340
4,2021/08/03,2.02E+15,35,55,10,19967.7,199677
5,2021/08/03,2.02E+15,35,55,10,19967.7,199677
6,2021/08/03,2.02E+15,8,55,10,19967.8,199678
7,2021/08/03,2.02E+15,54,55,10,19967.8,199678
8,2021/08/03,2.02E+15,54,57,10,19967.8,199678
9,2021/08/03,2.02E+15,46,42,10,20000,200000
1,2021/08/04,2.02E+15,54,7,10,20298,202980
2,2021/08/04,2.02E+15,13,46,10,20200,202000
3,2021/08/04,2.02E+15,49,42,10,20295,202950
4,2021/08/04,2.02E+15,13,49,10,20200,202000
5,2021/08/04,2.02E+15,32,34,10,19900,199000
6,2021/08/04,2.02E+15,14,57,10,19901,199010
1,2021/08/05,2.02E+15,13,6,10,19608,196080
2,2021/08/05,2.02E+15,22,6,10,19609,196090
3,2021/08/05,2.02E+15,44,6,10,19609,196090
4,2021/08/05,2.02E+15,33,6,20,19610,392200
5,2021/08/05,2.02E+15,37,6,10,19611,196110
6,2021/08/05,2.02E+15,58,6,10,19612,196120
7,2021/08/05,2.02E+15,57,6,10,19615,196150
8,2021/08/05,2.02E+15,16,6,10,19615.9,196159
9,2021/08/05,2.02E+15,7,14,10,19609,196090
10,2021/08/05,2.02E+15,28,29,10,20000,200000
1,2021/08/08,2.02E+15,13,34,15,19590.2,293853
2,2021/08/08,2.02E+15,54,10,10,19990,199900
3,2021/08/08,2.02E+15,54,49,10,19990,199900
4,2021/08/08,2.02E+15,21,49,10,19990,199900
5,2021/08/08,2.02E+15,58,49,13,19900,258700
6,2021/08/08,2.02E+15,17,49,20,19900,398000
1,2021/08/09,2.02E+15,54,10,10,19982,199820
1,2021/08/10,2.02E+15,54,10,10,20360,203600
2,2021/08/10,2.02E+15,54,50,10,20300,203000
3,2021/08/10,2.02E+15,54,50,10,20300,203000
4,2021/08/10,2.02E+15,13,42,10,20300,203000
5,2021/08/10,2.02E+15,13,42,10,20299,202990
6,2021/08/10,2.02E+15,57,10,10,20250,202500
7,2021/08/10,2.02E+15,57,10,20,20250,405000
8,2021/08/10,2.02E+15,57,10,10,20250,202500
9,2021/08/10,2.02E+15,57,52,10,20250,202500
10,2021/08/10,2.02E+15,57,8,10,20250,202500
11,2021/08/10,2.02E+15,57,50,10,20249,202490
12,2021/08/10,2.02E+15,57,20,10,20249,202490
13,2021/08/10,2.02E+15,13,58,10,20249,202490
14,2021/08/10,2.02E+15,57,25,10,20199,201990
15,2021/08/10,2.02E+15,57,58,10,20199,201990
16,2021/08/10,2.02E+15,13,38,10,20100,201000
17,2021/08/10,2.02E+15,13,37,10,20100,201000
18,2021/08/10,2.02E+15,13,49,10,20097,200970
19,2021/08/10,2.02E+15,54,21,10,19972.4,199724
20,2021/08/10,2.02E+15,57,7,10,20380,203800
1,2021/08/11,2.02E+15,37,38,10,19953,199530
2,2021/08/11,2.02E+15,32,38,10,19992,199920
3,2021/08/11,2.02E+15,13,32,10,20299,202990
4,2021/08/11,2.02E+15,13,52,10,19992,199920
5,2021/08/11,2.02E+15,13,42,10,20400,204000
6,2021/08/11,2.02E+15,54,55,10,20360,203600
1,2021/08/12,2.02E+15,25,51,20,19597,391940
2,2021/08/12,2.02E+15,45,51,20,19600,392000
3,2021/08/12,2.02E+15,4,51,10,19951.2,199512
4,2021/08/12,2.02E+15,6,6,10,19560,195600
1,2021/08/15,2.02E+15,13,3,10,20400,204000
2,2021/08/15,2.02E+15,14,41,14,20002,280028
3,2021/08/15,2.02E+15,13,26,10,20400,204000
4,2021/08/15,2.02E+15,54,49,10,20002,200020
5,2021/08/15,2.02E+15,58,26,10,20400,204000
6,2021/08/15,2.02E+15,56,6,10,20400,204000
7,2021/08/15,2.02E+15,34,6,10,20388.7,203887
8,2021/08/15,2.02E+15,41,57,10,20500,205000
9,2021/08/15,2.02E+15,46,6,10,20388.7,203887
10,2021/08/15,2.02E+15,8,58,20,20390,407800
11,2021/08/15,2.02E+15,41,58,20,20505,410100
12,2021/08/15,2.02E+15,44,58,10,20506,205060
13,2021/08/15,2.02E+15,6,20,10,20750,207500
14,2021/08/15,2.02E+15,52,56,10,20800,208000
15,2021/08/15,2.02E+15,19,38,10,21200,212000
16,2021/08/15,2.02E+15,34,41,10,21000,210000
17,2021/08/15,2.02E+15,44,57,10,21000,210000
18,2021/08/15,2.02E+15,54,22,10,20800,208000
19,2021/08/15,2.02E+15,14,33,20,20900,418000
20,2021/08/15,2.02E+15,41,28,10,20796.3,207963
21,2021/08/15,2.02E+15,48,26,10,20388.6,203886
22,2021/08/15,2.02E+15,55,51,10,19988.9,199889
1,2021/08/16,2.02E+15,20,16,10,20344,203440
2,2021/08/16,2.02E+15,13,7,10,20175,201750
3,2021/08/16,2.02E+15,28,51,10,20000,200000
4,2021/08/16,2.02E+15,35,51,20,19992,399840
5,2021/08/16,2.02E+15,55,51,10,19992,199920
6,2021/08/16,2.02E+15,7,51,10,20000,200000
1,2021/08/17,2.02E+15,6,51,20,20090,401800
2,2021/08/17,2.02E+15,6,51,10,20100,201000
3,2021/08/17,2.02E+15,6,51,20,20100,402000
4,2021/08/17,2.02E+15,55,32,20,20500,410000
1,2021/08/18,2.02E+15,18,57,10,20000,200000
2,2021/08/18,2.02E+15,49,57,10,20000,200000
3,2021/08/18,2.02E+15,57,57,10,20100.5,201005
4,2021/08/18,2.02E+15,11,56,10,20250,202500
5,2021/08/18,2.02E+15,11,42,10,20245,202450
6,2021/08/18,2.02E+15,11,25,20,20245,404900
7,2021/08/18,2.02E+15,58,48,10,20000,200000
8,2021/08/18,2.02E+15,58,19,10,20000,200000
9,2021/08/18,2.02E+15,19,55,10,20250,202500
10,2021/08/18,2.02E+15,42,41,10,20200,202000
1,2021/08/19,2.02E+15,14,57,20,19960,399200
2,2021/08/19,2.02E+15,41,6,10,20000,200000
3,2021/08/19,2.02E+15,10,57,10,19800,198000
4,2021/08/19,2.02E+15,19,57,10,19800,198000
5,2021/08/19,2.02E+15,41,57,10,19850,198500
6,2021/08/19,2.02E+15,39,57,10,19850,198500
7,2021/08/19,2.02E+15,41,57,10,19851,198510
8,2021/08/19,2.02E+15,41,25,10,19801,198010
1,2021/08/24,2.02E+15,39,58,10,19580,195800
2,2021/08/24,2.02E+15,58,55,10,19590,195900
3,2021/08/24,2.02E+15,38,26,10,19960,199600
4,2021/08/24,2.02E+15,38,26,10,19970,199700
5,2021/08/24,2.02E+15,54,26,10,19971,199710
6,2021/08/24,2.02E+15,54,4,10,19971,199710
7,2021/08/24,2.02E+15,32,50,10,20000,200000
1,2021/08/26,2.02E+15,55,58,10,19580,195800
2,2021/08/26,2.02E+15,38,18,10,19580,195800
3,2021/08/26,2.02E+15,34,45,10,19600,196000
4,2021/08/26,2.02E+15,6,45,10,19620,196200
5,2021/08/26,2.02E+15,38,38,20,19600,392000
6,2021/08/26,2.02E+15,57,38,10,19601,196010
7,2021/08/26,2.02E+15,41,34,10,19581,195810
1,2021/08/29,2.02E+15,38,26,10,19501,195010
2,2021/08/29,2.02E+15,13,41,10,19600,196000
1,2021/09/01,2.02E+15,11,58,10,19850,198500
2,2021/09/01,2.02E+15,14,49,10,19700,197000
3,2021/09/01,2.02E+15,55,41,10,19700,197000
1,2021/09/02,2.02E+15,25,6,10,19466,194660
1,2021/09/05,2.02E+15,13,45,10,19265,192650
2,2021/09/05,2.02E+15,17,45,10,19300,193000
3,2021/09/05,2.02E+15,13,56,10,19559,195590
4,2021/09/05,2.02E+15,4,54,10,19257,192570
5,2021/09/05,2.02E+15,46,36,10,19257,192570
6,2021/09/05,2.02E+15,4,14,20,19650,393000
7,2021/09/05,2.02E+15,48,57,10,19700,197000
1,2021/09/06,2.02E+15,7,56,10,19500,195000
2,2021/09/06,2.02E+15,43,41,10,19490,194900
3,2021/09/06,2.02E+15,13,56,10,19500,195000
4,2021/09/06,2.02E+15,17,17,20,19265,385300
5,2021/09/06,2.02E+15,17,17,10,19265,192650
6,2021/09/06,2.02E+15,41,34,10,19349,193490
7,2021/09/06,2.02E+15,17,34,10,19000,190000
1,2021/09/07,2.02E+15,13,59,10,20480,204800
2,2021/09/07,2.02E+15,13,34,50,20090,1004500
3,2021/09/07,2.02E+15,44,34,10,20090,200900
4,2021/09/07,2.02E+15,41,34,10,20090,200900
5,2021/09/07,2.02E+15,28,34,50,20100,1005000
6,2021/09/07,2.02E+15,33,34,10,20100,201000
7,2021/09/07,2.02E+15,11,58,10,20500,205000
8,2021/09/07,2.02E+15,16,48,10,20500,205000
9,2021/09/07,2.02E+15,58,22,10,20500,205000
10,2021/09/07,2.02E+15,42,34,10,20500,205000
11,2021/09/07,2.02E+15,58,34,10,20500,205000
12,2021/09/07,2.02E+15,29,41,10,20500,205000
13,2021/09/07,2.02E+15,46,34,10,20696,206960
14,2021/09/07,2.02E+15,46,17,10,20696,206960
15,2021/09/07,2.02E+15,39,34,10,20696,206960
16,2021/09/07,2.02E+15,48,38,10,20500,205000
17,2021/09/07,2.02E+15,49,10,10,20500,205000
18,2021/09/07,2.02E+15,25,13,10,20699,206990
19,2021/09/07,2.02E+15,11,25,10,20500,205000
20,2021/09/07,2.02E+15,8,17,10,20450,204500
21,2021/09/07,2.02E+15,6,26,10,20400,204000
22,2021/09/07,2.02E+15,59,40,10,20448,204480
23,2021/09/07,2.02E+15,53,14,10,20390,203900
24,2021/09/07,2.02E+15,53,14,10,20390,203900
25,2021/09/07,2.02E+15,25,39,10,20400,204000
26,2021/09/07,2.02E+15,21,52,10,20400,204000
27,2021/09/07,2.02E+15,51,37,10,20400,204000
28,2021/09/07,2.02E+15,51,14,10,20400,204000
29,2021/09/07,2.02E+15,53,25,10,20349,203490
30,2021/09/07,2.02E+15,57,57,10,20255,202550
31,2021/09/07,2.02E+15,1,57,10,20244,202440
32,2021/09/07,2.02E+15,1,32,10,20199,201990
33,2021/09/07,2.02E+15,25,44,90,20000,1800000
34,2021/09/07,2.02E+15,49,44,10,20000,200000
35,2021/09/07,2.02E+15,6,44,10,20000,200000
36,2021/09/07,2.02E+15,56,50,10,19999,199990
37,2021/09/07,2.02E+15,54,16,10,19890,198900
38,2021/09/07,2.02E+15,41,16,10,19900,199000
39,2021/09/07,2.02E+15,57,45,10,19992,199920
40,2021/09/07,2.02E+15,14,17,10,19992,199920
41,2021/09/07,2.02E+15,44,17,10,19992,199920
42,2021/09/07,2.02E+15,48,35,10,20000,200000
43,2021/09/07,2.02E+15,35,38,10,20000,200000
44,2021/09/07,2.02E+15,57,35,10,20400,204000
45,2021/09/07,2.02E+15,58,39,10,20000,200000
46,2021/09/07,2.02E+15,13,28,10,20287.8,202878
47,2021/09/07,2.02E+15,38,6,25,19890,497250
1,2021/09/08,2.02E+15,35,8,10,20070.4,200704
2,2021/09/08,2.02E+15,37,34,10,20071,200710
3,2021/09/08,2.02E+15,28,34,10,20072.4,200724
4,2021/09/08,2.02E+15,42,34,10,20100,201000
5,2021/09/08,2.02E+15,55,34,20,20200,404000
6,2021/09/08,2.02E+15,57,38,10,20480,204800
7,2021/09/08,2.02E+15,42,38,10,20480,204800
8,2021/09/08,2.02E+15,55,38,20,20481,409620
9,2021/09/08,2.02E+15,57,34,10,20482,204820
10,2021/09/08,2.02E+15,56,34,40,20482,819280
11,2021/09/08,2.02E+15,13,13,10,20480,204800
12,2021/09/08,2.02E+15,32,42,25,20500,512500
13,2021/09/08,2.02E+15,32,17,50,20500,1025000
14,2021/09/08,2.02E+15,22,13,10,20500,205000
15,2021/09/08,2.02E+15,11,13,10,20600,206000
16,2021/09/08,2.02E+15,58,14,10,20800,208000
1,2021/09/09,2.02E+15,21,49,10,19500,195000
2,2021/09/09,2.02E+15,37,49,10,19500,195000
3,2021/09/09,2.02E+15,13,38,30,19698,590940
4,2021/09/09,2.02E+15,32,43,10,20100,201000
1,2021/09/12,2.02E+15,14,38,10,19400.4,194004
2,2021/09/12,2.02E+15,13,34,50,19020,951000
3,2021/09/12,2.02E+15,16,34,10,19020,190200
4,2021/09/12,2.02E+15,4,34,20,19022,380440
5,2021/09/12,2.02E+15,28,34,10,19022.1,190221
6,2021/09/12,2.02E+15,6,34,10,19025.1,190251
7,2021/09/12,2.02E+15,54,37,10,20300,203000
8,2021/09/12,2.02E+15,54,11,10,20000,200000
9,2021/09/12,2.02E+15,54,19,10,19760,197600
10,2021/09/12,2.02E+15,13,34,10,19374,193740
11,2021/09/12,2.02E+15,42,34,10,19374,193740
12,2021/09/12,2.02E+15,13,34,30,19010,570300
13,2021/09/12,2.02E+15,13,34,20,19011,380220
14,2021/09/12,2.02E+15,42,34,20,19015,380300
15,2021/09/12,2.02E+15,32,34,20,19017,380340
16,2021/09/12,2.02E+15,42,34,10,19018,190180
17,2021/09/12,2.02E+15,42,25,10,18996,189960
18,2021/09/12,2.02E+15,55,34,10,18995,189950
19,2021/09/12,2.02E+15,35,34,20,19110,382200
20,2021/09/12,2.02E+15,45,34,10,19120,191200
21,2021/09/12,2.02E+15,13,34,10,19300,193000
22,2021/09/12,2.02E+15,35,34,10,19400,194000
23,2021/09/12,2.02E+15,13,17,10,19380,193800
24,2021/09/12,2.02E+15,58,34,10,19380,193800
25,2021/09/12,2.02E+15,56,49,10,19500,195000
26,2021/09/12,2.02E+15,35,34,10,19400,194000
1,2021/09/13,2.02E+15,32,33,10,19630,196300
2,2021/09/13,2.02E+15,41,46,10,19630,196300
3,2021/09/13,2.02E+15,21,46,10,19615,196150
4,2021/09/13,2.02E+15,58,38,15,19611.5,294172.5
5,2021/09/13,2.02E+15,58,39,10,19227,192270
6,2021/09/13,2.02E+15,29,34,20,18850,377000
7,2021/09/13,2.02E+15,43,34,20,18900,378000
8,2021/09/13,2.02E+15,37,34,10,19100,191000
9,2021/09/13,2.02E+15,58,34,10,19100,191000
10,2021/09/13,2.02E+15,35,34,10,19200,192000
11,2021/09/13,2.02E+15,42,34,10,19205,192050
12,2021/09/13,2.02E+15,58,34,15,19300,289500
13,2021/09/13,2.02E+15,35,34,10,19200,192000
14,2021/09/13,2.02E+15,13,34,20,19400,388000
15,2021/09/13,2.02E+15,35,34,50,19400,970000
16,2021/09/13,2.02E+15,25,34,20,19401,388020
17,2021/09/13,2.02E+15,52,34,10,19481,194810
18,2021/09/13,2.02E+15,55,34,10,19600,196000
19,2021/09/13,2.02E+15,29,55,30,19482,584460
20,2021/09/13,2.02E+15,29,56,10,19481,194810
21,2021/09/13,2.02E+15,25,56,10,19100,191000
1,2021/09/14,2.02E+15,58,26,10,19650,196500
2,2021/09/14,2.02E+15,58,13,10,20022.4,200224
3,2021/09/14,2.02E+15,58,13,10,20022.4,200224
4,2021/09/14,2.02E+15,16,59,10,20000,200000
1,2021/09/15,2.02E+15,32,42,10,19550,195500
2,2021/09/15,2.02E+15,35,55,10,19500,195000
3,2021/09/15,2.02E+15,35,57,10,19500,195000
4,2021/09/15,2.02E+15,58,14,10,19400,194000
5,2021/09/15,2.02E+15,35,54,30,19650,589500
1,2021/09/16,2.02E+15,22,25,10,19400,194000
2,2021/09/16,2.02E+15,10,4,10,19306,193060
3,2021/09/16,2.02E+15,22,41,10,19700,197000
4,2021/09/16,2.02E+15,35,35,10,19400,194000
5,2021/09/16,2.02E+15,58,45,10,19159,191590
6,2021/09/16,2.02E+15,6,45,20,19159,383180
7,2021/09/16,2.02E+15,13,45,10,19350,193500
1,2021/09/20,2.02E+15,35,14,20,19012,380240
2,2021/09/20,2.02E+15,49,14,20,19013,380260
3,2021/09/20,2.02E+15,35,8,20,19090,381800
4,2021/09/20,2.02E+15,35,6,10,19100,191000
5,2021/09/20,2.02E+15,28,32,20,19104,382080
6,2021/09/20,2.02E+15,25,32,10,19105,191050
7,2021/09/20,2.02E+15,49,55,10,19200,192000
8,2021/09/20,2.02E+15,49,10,10,19200,192000
9,2021/09/20,2.02E+15,38,7,10,19050,190500
1,2021/09/21,2.02E+15,6,48,10,19074,190740
2,2021/09/21,2.02E+15,58,41,20,18700,374000
3,2021/09/21,2.02E+15,40,38,10,18631,186310
4,2021/09/21,2.02E+15,19,41,10,18631.8,186318
5,2021/09/21,2.02E+15,55,41,10,18641,186410
6,2021/09/21,2.02E+15,58,41,10,18650,186500
7,2021/09/21,2.02E+15,58,41,10,18700,187000
1,2021/09/22,2.02E+15,35,28,20,19498,389960
2,2021/09/22,2.02E+15,35,58,10,19490,194900
3,2021/09/22,2.02E+15,35,53,10,19300,193000
4,2021/09/22,2.02E+15,10,45,10,19500,195000
5,2021/09/22,2.02E+15,13,58,10,19455,194550
6,2021/09/22,2.02E+15,28,55,10,19401,194010
7,2021/09/22,2.02E+15,6,55,10,19401,194010
8,2021/09/22,2.02E+15,13,6,10,19200,192000
1,2021/09/23,2.02E+15,13,35,10,19380,193800
2,2021/09/23,2.02E+15,35,6,10,19000,190000
3,2021/09/23,2.02E+15,8,1,10,19300,193000
4,2021/09/23,2.02E+15,43,1,10,19300,193000
5,2021/09/23,2.02E+15,55,16,10,19300,193000
6,2021/09/23,2.02E+15,35,35,10,19200,192000
1,2021/09/26,2.02E+15,19,58,10,19650,196500
1,2021/09/28,2.02E+15,16,58,10,19399,193990
2,2021/09/28,2.02E+15,41,49,10,19650,196500
1,2021/09/29,2.02E+15,33,44,10,18800,188000
2,2021/09/29,2.02E+15,56,56,10,19100,191000
1,2021/10/03,2.02E+15,35,4,30,18660,559800
2,2021/10/03,2.02E+15,39,16,10,18709,187090
3,2021/10/03,2.02E+15,4,41,10,19090,190900
4,2021/10/03,2.02E+15,58,42,10,18718,187180
5,2021/10/03,2.02E+15,4,33,10,19100,191000
1,2021/10/04,2.02E+15,45,4,10,18750,187500
2,2021/10/04,2.02E+15,34,22,10,18750,187500
1,2021/10/05,2.02E+15,45,36,20,19000,380000
1,2021/10/06,2.02E+15,32,14,14,19324,270536
2,2021/10/06,2.02E+15,47,37,10,19686,196860
3,2021/10/06,2.02E+15,6,22,10,19500,195000
4,2021/10/06,2.02E+15,6,21,10,19500,195000
5,2021/10/06,2.02E+15,6,58,10,19400,194000
6,2021/10/06,2.02E+15,4,36,10,19300,193000
7,2021/10/06,2.02E+15,13,36,10,19300,193000
8,2021/10/06,2.02E+15,43,36,10,19100,191000
9,2021/10/06,2.02E+15,32,49,10,19000,190000
1,2021/10/10,2.02E+15,49,11,10,19750,197500
2,2021/10/10,2.02E+15,1,45,10,19700,197000
3,2021/10/10,2.02E+15,51,42,10,19700,197000
4,2021/10/10,2.02E+15,57,58,10,19890,198900
5,2021/10/10,2.02E+15,58,39,10,19899,198990
6,2021/10/10,2.02E+15,35,6,10,19700,197000
7,2021/10/10,2.02E+15,59,58,10,19700.1,197001
8,2021/10/10,2.02E+15,45,44,10,20101,201010
9,2021/10/10,2.02E+15,45,44,10,20101,201010
10,2021/10/10,2.02E+15,45,25,10,20100,201000
11,2021/10/10,2.02E+15,45,56,10,19998,199980
12,2021/10/10,2.02E+15,45,14,10,19990,199900
13,2021/10/10,2.02E+15,45,55,10,19590,195900
14,2021/10/10,2.02E+15,14,58,10,19979,199790
15,2021/10/10,2.02E+15,4,57,10,19990,199900
16,2021/10/10,2.02E+15,4,14,10,19980,199800
17,2021/10/10,2.02E+15,19,29,10,19980,199800
18,2021/10/10,2.02E+15,6,58,15,19710,295650
19,2021/10/10,2.02E+15,39,35,10,19710,197100
1,2021/10/11,2.02E+15,43,49,20,18914,378280
2,2021/10/11,2.02E+15,21,55,10,19300,193000
3,2021/10/11,2.02E+15,25,42,10,19355,193550
1,2021/10/18,2.02E+15,34,25,10,18999,189990
2,2021/10/18,2.02E+15,14,25,10,18700,187000
3,2021/10/18,2.02E+15,58,58,10,18650,186500
1,2021/10/19,2.02E+15,13,25,10,18798,187980
2,2021/10/19,2.02E+15,58,34,10,18700,187000
3,2021/10/19,2.02E+15,58,37,10,18650,186500
4,2021/10/19,2.02E+15,29,4,10,18620,186200
5,2021/10/19,2.02E+15,58,4,10,18650,186500
1,2021/10/20,2.02E+15,13,13,20,18700,374000
2,2021/10/20,2.02E+15,58,13,10,18700,187000
1,2021/10/21,2.02E+15,29,58,10,18750.2,187502
2,2021/10/21,2.02E+15,38,6,10,19000,190000
3,2021/10/21,2.02E+15,45,33,10,19000,190000
4,2021/10/21,2.02E+15,58,10,10,19000,190000
5,2021/10/21,2.02E+15,58,10,10,19000,190000
1,2021/10/24,2.02E+15,37,49,10,19533.5,195335
2,2021/10/24,2.02E+15,37,42,10,19533.5,195335
3,2021/10/24,2.02E+15,37,13,20,19533.5,390670
4,2021/10/24,2.02E+15,41,16,10,19530,195300
5,2021/10/24,2.02E+15,58,13,10,19150.5,191505
6,2021/10/24,2.02E+15,58,13,10,19150.5,191505
7,2021/10/24,2.02E+15,39,11,10,19150,191500
8,2021/10/24,2.02E+15,39,16,10,19150,191500
9,2021/10/24,2.02E+15,35,48,10,18775,187750
1,2021/10/25,2.02E+15,13,47,10,19142.9,191429
2,2021/10/25,2.02E+15,13,49,10,19142.8,191428
3,2021/10/25,2.02E+15,58,54,10,19142.9,191429
1,2021/10/26,2.02E+15,55,58,10,19200,192000
2,2021/10/26,2.02E+15,13,47,10,19500,195000
1,2021/10/27,2.02E+15,13,8,10,19400,194000
2,2021/10/27,2.02E+15,58,39,10,19150,191500
3,2021/10/27,2.02E+15,13,54,10,19400,194000
4,2021/10/27,2.02E+15,13,54,10,19300,193000
5,2021/10/27,2.02E+15,13,35,10,19100,191000
1,2021/10/28,2.02E+15,58,37,10,19012,190120
2,2021/10/28,2.02E+15,58,37,10,19012,190120
1,2021/11/01,2.02E+15,41,49,10,19550,195500
2,2021/11/01,2.02E+15,38,58,20,19600,392000
1,2021/11/03,2.02E+15,55,28,10,18800,188000
2,2021/11/03,2.02E+15,56,42,10,18900,189000
3,2021/11/03,2.02E+15,17,22,10,19159,191590
1,2021/11/08,2.02E+15,6,37,10,19167,191670
2,2021/11/08,2.02E+15,26,21,10,19558,195580
3,2021/11/08,2.02E+15,13,37,10,19176,191760
4,2021/11/08,2.02E+15,13,25,10,19175,191750
1,2021/11/09,2.02E+15,13,43,10,19499,194990
2,2021/11/09,2.02E+15,13,8,10,19200,192000
3,2021/11/09,2.02E+15,55,50,20,19490,389800
1,2021/11/11,2.02E+15,45,21,10,19880,198800
2,2021/11/11,2.02E+15,45,32,10,19800,198000
3,2021/11/11,2.02E+15,45,58,10,19799,197990
4,2021/11/11,2.02E+15,45,8,10,19398,193980
5,2021/11/11,2.02E+15,45,56,10,19300,193000
6,2021/11/11,2.02E+15,45,57,10,19250,192500
7,2021/11/11,2.02E+15,6,55,20,19109.1,382182
1,2021/11/16,2.02E+15,45,5,10,19999,199990
2,2021/11/16,2.02E+15,28,54,10,20000,200000
3,2021/11/16,2.02E+15,11,49,10,19999,199990
4,2021/11/16,2.02E+15,11,6,10,19999,199990
5,2021/11/16,2.02E+15,11,40,10,19998,199980
6,2021/11/16,2.02E+15,34,39,10,19950,199500
7,2021/11/16,2.02E+15,47,8,10,19999,199990
8,2021/11/16,2.02E+15,47,34,10,19999,199990
9,2021/11/16,2.02E+15,13,7,10,20150,201500
10,2021/11/16,2.02E+15,20,41,10,19873,198730
11,2021/11/16,2.02E+15,21,28,10,20277.6,202776
12,2021/11/16,2.02E+15,34,58,15,20277,304155
13,2021/11/16,2.02E+15,20,28,10,20277.6,202776
14,2021/11/16,2.02E+15,45,6,10,20100,201000
15,2021/11/16,2.02E+15,54,49,10,20000,200000
16,2021/11/16,2.02E+15,28,10,10,19890,198900
17,2021/11/16,2.02E+15,28,49,10,19890,198900
18,2021/11/16,2.02E+15,32,47,30,19500,585000
19,2021/11/16,2.02E+15,32,47,30,19500,585000
20,2021/11/16,2.02E+15,32,17,10,19300,193000
21,2021/11/16,2.02E+15,29,28,10,19092.8,190928
22,2021/11/16,2.02E+15,29,57,10,19092.8,190928
23,2021/11/16,2.02E+15,32,55,20,19482.4,389648
1,2021/11/17,2.02E+15,6,14,10,19600,196000
2,2021/11/17,2.02E+15,6,45,10,19600,196000
3,2021/11/17,2.02E+15,6,32,30,19600,588000
4,2021/11/17,2.02E+15,35,41,10,19600,196000
5,2021/11/17,2.02E+15,1,43,10,19750,197500
6,2021/11/17,2.02E+15,1,43,10,20000,200000
1,2021/11/18,2.02E+15,34,54,10,19308.1,193081
2,2021/11/18,2.02E+15,6,42,10,19700,197000
1,2021/11/21,2.02E+15,34,34,10,19200,192000
2,2021/11/21,2.02E+15,34,11,10,19400,194000
3,2021/11/21,2.02E+15,34,45,10,19207.4,192074
4,2021/11/21,2.02E+15,49,32,10,19599,195990
1,2021/11/23,2.02E+15,6,47,10,19005,190050
2,2021/11/23,2.02E+15,6,54,10,19005,190050
3,2021/11/23,2.02E+15,35,45,10,19005.1,190051
4,2021/11/23,2.02E+15,29,11,10,19006,190060
5,2021/11/23,2.02E+15,14,32,10,19008,190080
6,2021/11/23,2.02E+15,58,11,10,19100,191000
1,2021/11/24,2.02E+15,42,34,13,19001,247013
2,2021/11/24,2.02E+15,13,47,10,19005,190050
1,2021/11/25,2.02E+15,35,25,30,19295,578850
2,2021/11/25,2.02E+15,35,40,10,19290,192900
3,2021/11/25,2.02E+15,19,40,10,19001,190010
1,2021/11/28,2.02E+15,13,7,10,19000,190000
2,2021/11/28,2.02E+15,35,6,50,18910,945500
3,2021/11/28,2.02E+15,45,6,10,18950,189500
4,2021/11/28,2.02E+15,38,6,10,18950,189500
1,2021/11/29,2.02E+15,51,32,10,18625,186250
2,2021/11/29,2.02E+15,35,34,10,18800,188000
3,2021/11/29,2.02E+15,35,34,12,18800,225600
4,2021/11/29,2.02E+15,35,34,10,18900,189000
5,2021/11/29,2.02E+15,35,6,40,18900,756000
1,2021/12/02,2.02E+15,6,55,10,18251,182510
2,2021/12/02,2.02E+15,58,55,10,18621,186210
3,2021/12/02,2.02E+15,42,5,10,19000,190000
4,2021/12/02,2.02E+15,57,49,10,18999,189990
5,2021/12/02,2.02E+15,11,54,10,18999,189990
6,2021/12/02,2.02E+15,49,14,10,18700,187000
7,2021/12/02,2.02E+15,58,34,10,18666,186660
1,2021/12/05,2.02E+15,47,58,10,18900,189000
2,2021/12/05,2.02E+15,6,47,10,18616,186160
1,2021/12/06,2.02E+15,41,13,10,18400,184000
2,2021/12/06,2.02E+15,3,13,10,18500,185000
3,2021/12/06,2.02E+15,32,13,10,18500,185000
4,2021/12/06,2.02E+15,1,58,10,18550,185500
1,2021/12/07,2.02E+15,58,13,10,18401,184010
2,2021/12/07,2.02E+15,35,21,10,18768,187680
1,2021/12/08,2.02E+15,32,55,10,18155,181550
2,2021/12/08,2.02E+15,58,55,10,18156,181560
3,2021/12/08,2.02E+15,34,55,10,18157,181570
4,2021/12/08,2.02E+15,13,34,10,18400,184000
5,2021/12/08,2.02E+15,43,6,10,18050,180500
6,2021/12/08,2.02E+15,58,6,10,18100,181000
7,2021/12/08,2.02E+15,58,6,10,18150,181500
1,2021/12/09,2.02E+15,10,45,10,18200,182000
2,2021/12/09,2.02E+15,58,45,10,18250,182500
1,2021/12/12,2.02E+15,58,6,20,18564,371280
1,2021/12/13,2.02E+15,20,35,10,19312,193120
2,2021/12/13,2.02E+15,52,11,10,18557,185570
3,2021/12/13,2.02E+15,20,47,10,18935,189350
4,2021/12/13,2.02E+15,34,5,10,18500,185000
5,2021/12/13,2.02E+15,34,38,10,18499,184990
6,2021/12/13,2.02E+15,34,20,10,18498,184980
7,2021/12/13,2.02E+15,49,7,10,18201,182010
8,2021/12/13,2.02E+15,44,55,10,18201.5,182015
9,2021/12/13,2.02E+15,58,55,10,18250,182500
10,2021/12/13,2.02E+15,58,20,10,18495,184950
11,2021/12/13,2.02E+15,54,5,10,18500,185000
1,2021/12/15,2.02E+15,42,20,10,18700,187000
2,2021/12/15,2.02E+15,28,41,10,18925.8,189258
3,2021/12/15,2.02E+15,49,26,10,18950,189500
4,2021/12/15,2.02E+15,58,58,10,19000,190000
1,2021/12/16,2.02E+15,58,34,10,18700,187000
2,2021/12/16,2.02E+15,37,49,10,18900,189000
3,2021/12/16,2.02E+15,52,49,10,18900,189000
1,2021/12/20,2.02E+15,58,49,10,18850,188500
1,2021/12/21,2.02E+15,35,41,10,19000,190000
2,2021/12/21,2.02E+15,42,20,10,19000,190000
3,2021/12/21,2.02E+15,3,47,10,19227,192270
1,2021/12/22,2.02E+15,35,20,20,19000,380000
2,2021/12/22,2.02E+15,35,20,20,19000,380000
1,2021/12/23,2.02E+15,58,1,10,18900,189000
2,2021/12/23,2.02E+15,58,29,10,19150,191500
3,2021/12/23,2.02E+15,58,29,20,19140,382800
4,2021/12/23,2.02E+15,34,20,20,19000,380000
1,2021/12/26,2.02E+15,58,38,15,19100,286500
2,2021/12/26,2.02E+15,58,42,10,19100,191000
3,2021/12/26,2.02E+15,53,20,20,19110,382200
4,2021/12/26,2.02E+15,19,34,20,19000,380000
1,2021/12/27,2.02E+15,19,17,10,19000,190000
2,2021/12/27,2.02E+15,19,6,10,19000,190000
3,2021/12/27,2.02E+15,55,28,10,19480,194800
4,2021/12/27,2.02E+15,55,58,10,19385,193850
5,2021/12/27,2.02E+15,55,35,10,19300,193000
6,2021/12/27,2.02E+15,55,20,20,19200,384000
1,2021/12/28,2.02E+15,17,42,10,18800,188000
2,2021/12/28,2.02E+15,58,22,10,18900,189000
1,2021/12/29,2.02E+15,28,5,10,19096,190960
2,2021/12/29,2.02E+15,58,19,10,19000,190000
3,2021/12/29,2.02E+15,28,58,10,19176,191760
4,2021/12/29,2.02E+15,28,3,10,19176,191760
5,2021/12/29,2.02E+15,28,58,10,19175,191750
1,2022/01/02,2.02E+15,50,37,10,19050,190500
2,2022/01/02,2.02E+15,54,20,20,19200,384000
3,2022/01/02,2.02E+15,28,32,10,19100,191000
4,2022/01/02,2.02E+15,46,21,10,19000,190000
1,2022/01/03,2.02E+15,58,20,10,19100,191000
2,2022/01/03,2.02E+15,58,20,20,19191,383820
3,2022/01/03,2.02E+15,58,20,20,19191,383820
4,2022/01/03,2.02E+15,58,20,20,19191,383820
5,2022/01/03,2.02E+15,26,20,10,19192,191920
6,2022/01/03,2.02E+15,16,14,10,19400,194000
7,2022/01/03,2.02E+15,54,42,10,19299,192990
8,2022/01/03,2.02E+15,16,13,10,19191.3,191913
9,2022/01/03,2.02E+15,26,33,10,18815,188150
1,2022/01/04,2.02E+15,7,52,10,19100,191000
2,2022/01/04,2.02E+15,35,55,10,19409,194090
3,2022/01/04,2.02E+15,41,13,10,19409,194090
4,2022/01/04,2.02E+15,34,13,10,19409,194090
5,2022/01/04,2.02E+15,44,28,10,19100,191000
6,2022/01/04,2.02E+15,14,26,10,19100.3,191003
1,2022/01/05,2.02E+15,54,6,20,19075,381500
2,2022/01/05,2.02E+15,49,51,20,19074.9,381498
3,2022/01/05,2.02E+15,49,6,20,19050,381000
4,2022/01/05,2.02E+15,7,6,10,19050,190500
1,2022/01/06,2.02E+15,42,13,10,19150.1,191501
2,2022/01/06,2.02E+15,42,3,10,19100.1,191001
3,2022/01/06,2.02E+15,35,57,10,19075,190750
1,2022/01/09,2.02E+15,32,13,10,19300,193000
2,2022/01/09,2.02E+15,1,16,10,19160,191600
3,2022/01/09,2.02E+15,42,16,10,19160.1,191601
4,2022/01/09,2.02E+15,58,39,10,19533,195330
5,2022/01/09,2.02E+15,58,47,10,19408,194080
6,2022/01/09,2.02E+15,58,19,10,19200,192000
7,2022/01/09,2.02E+15,58,19,10,19200,192000
8,2022/01/09,2.02E+15,58,19,10,19200,192000
1,2022/01/10,2.02E+15,1,28,50,19162,958100
2,2022/01/10,2.02E+15,1,42,10,19112,191120
3,2022/01/10,2.02E+15,1,42,10,19112,191120
1,2022/01/11,2.02E+15,46,34,10,19400,194000
2,2022/01/11,2.02E+15,17,49,10,19450,194500
3,2022/01/11,2.02E+15,59,49,10,19450,194500
4,2022/01/11,2.02E+15,59,42,10,19449.9,194499
5,2022/01/11,2.02E+15,46,57,10,19400,194000
6,2022/01/11,2.02E+15,46,13,20,19445,388900
7,2022/01/11,2.02E+15,58,13,10,19250,192500
1,2022/01/12,2.02E+15,1,17,40,19500,780000
2,2022/01/12,2.02E+15,1,6,20,19500,390000
1,2022/01/16,2.02E+15,35,49,10,19500,195000
2,2022/01/16,2.02E+15,35,51,10,19500,195000
3,2022/01/16,2.02E+15,1,44,10,19400,194000
4,2022/01/16,2.02E+15,48,38,10,19203,192030
5,2022/01/16,2.02E+15,50,38,10,19207,192070
1,2022/01/17,2.02E+15,43,20,10,19012,190120
2,2022/01/17,2.02E+15,58,1,10,19100,191000
3,2022/01/17,2.02E+15,58,1,10,19100,191000
4,2022/01/17,2.02E+15,43,20,10,19012,190120
5,2022/01/17,2.02E+15,13,49,10,19400,194000
6,2022/01/17,2.02E+15,6,1,20,19110,382200
7,2022/01/17,2.02E+15,35,1,10,19115,191150
8,2022/01/17,2.02E+15,34,1,60,19115.1,1146906
9,2022/01/17,2.02E+15,49,1,10,19200,192000
10,2022/01/17,2.02E+15,7,1,10,19201,192010
11,2022/01/17,2.02E+15,58,1,10,19205,192050
1,2022/01/18,2.02E+15,17,20,10,19200,192000
2,2022/01/18,2.02E+15,6,20,10,19300,193000
3,2022/01/18,2.02E+15,17,26,10,19500,195000
4,2022/01/18,2.02E+15,17,42,10,19499.9,194999
5,2022/01/18,2.02E+15,59,34,20,19400,388000
6,2022/01/18,2.02E+15,59,34,10,19400,194000
7,2022/01/18,2.02E+15,38,19,10,19500,195000
8,2022/01/18,2.02E+15,17,58,10,19600,196000
9,2022/01/18,2.02E+15,17,28,20,19600,392000
10,2022/01/18,2.02E+15,59,57,10,19400,194000
11,2022/01/18,2.02E+15,17,42,10,19392.2,193922
12,2022/01/18,2.02E+15,17,58,10,19392.1,193921
1,2022/01/19,2.02E+15,14,34,10,19100,191000
2,2022/01/19,2.02E+15,14,51,20,19050,381000
3,2022/01/19,2.02E+15,17,38,20,19100,382000
1,2022/01/20,2.02E+15,58,34,20,19125,382500
1,2022/01/23,2.02E+15,14,42,10,19125,191250
2,2022/01/23,2.02E+15,44,48,10,19500,195000
3,2022/01/23,2.02E+15,40,50,10,19300,193000
1,2022/01/24,2.02E+15,40,38,10,19000,190000
2,2022/01/24,2.02E+15,46,21,10,18803,188030
3,2022/01/24,2.02E+15,40,20,20,19000,380000
4,2022/01/24,2.02E+15,14,34,10,18900,189000
5,2022/01/24,2.02E+15,6,35,10,18900,189000
6,2022/01/24,2.02E+15,28,35,10,18900,189000
7,2022/01/24,2.02E+15,58,34,10,18900,189000
8,2022/01/24,2.02E+15,46,34,10,18901,189010
9,2022/01/24,2.02E+15,7,34,10,18902.1,189021
10,2022/01/24,2.02E+15,49,41,10,19125,191250
1,2022/01/27,2.02E+15,38,49,10,19000,190000
1,2022/01/30,2.02E+15,34,58,10,19050,190500
2,2022/01/30,2.02E+15,7,58,10,19000,190000
3,2022/01/30,2.02E+15,7,58,10,19000,190000
4,2022/01/30,2.02E+15,6,58,10,19000,190000
5,2022/01/30,2.02E+15,17,58,10,19000,190000
6,2022/01/30,2.02E+15,34,14,10,18702,187020
1,2022/02/03,2.02E+15,28,6,10,19002,190020
2,2022/02/03,2.02E+15,47,47,10,19100,191000
1,2022/02/06,2.02E+15,17,34,10,19002,190020
2,2022/02/06,2.02E+15,58,6,10,19050,190500
1,2022/02/08,2.02E+15,38,28,10,19382,193820
2,2022/02/08,2.02E+15,49,58,10,19381,193810
1,2022/02/09,2.02E+15,58,38,10,19100,191000
2,2022/02/09,2.02E+15,58,14,10,19050,190500
1,2022/02/10,2.02E+15,46,19,10,19200,192000
1,2022/02/13,2.02E+15,7,49,10,19000,190000
2,2022/02/13,2.02E+15,7,55,10,19000,190000
1,2022/02/14,2.02E+15,35,43,10,19000,190000
1,2022/02/15,2.02E+15,7,29,10,19000,190000
2,2022/02/15,2.02E+15,35,38,15,19000,285000
3,2022/02/15,2.02E+15,35,7,18,19000,342000
1,2022/02/16,2.02E+15,28,32,10,19000,190000
1,2022/02/17,2.02E+15,49,32,10,19000,190000
2,2022/02/17,2.02E+15,46,32,10,19000,190000
1,2022/02/20,2.02E+15,6,19,10,18700,187000
2,2022/02/20,2.02E+15,47,40,10,19000,190000
1,2022/02/21,2.02E+15,25,32,10,19000,190000
2,2022/02/21,2.02E+15,6,32,10,19000,190000
3,2022/02/21,2.02E+15,55,49,10,18900,189000
1,2022/02/22,2.02E+15,13,32,10,19000,190000
1,2022/02/23,2.02E+15,46,16,50,18632,931600
2,2022/02/23,2.02E+15,28,32,10,19000,190000
1,2022/02/24,2.02E+15,17,56,10,18650,186500
2,2022/02/24,2.02E+15,7,32,10,18899,188990
3,2022/02/24,2.02E+15,16,13,10,18750,187500
4,2022/02/24,2.02E+15,13,17,10,19000,190000
5,2022/02/24,2.02E+15,13,32,10,19000,190000
1,2022/02/27,2.02E+15,28,42,10,19000,190000
2,2022/02/27,2.02E+15,28,32,10,19000,190000
3,2022/02/27,2.02E+15,28,28,10,18995,189950
1,2022/03/02,2.02E+15,25,43,10,18331,183310
2,2022/03/02,2.02E+15,55,17,20,18500,370000
1,2022/03/06,2.02E+15,19,50,10,18101,181010
2,2022/03/06,2.02E+15,54,50,10,18200,182000
3,2022/03/06,2.02E+15,55,58,10,18500,185000
1,2022/03/07,2.02E+15,13,25,10,18463,184630
2,2022/03/07,2.02E+15,13,17,20,18400,368000
1,2022/03/09,2.02E+15,41,55,10,18600,186000
1,2022/03/10,2.02E+15,13,54,10,19173.9,191739
2,2022/03/10,2.02E+15,47,14,10,18800,188000
3,2022/03/10,2.02E+15,13,28,20,18800,376000
4,2022/03/10,2.02E+15,47,28,10,18798,187980
5,2022/03/10,2.02E+15,47,28,30,18798,563940
1,2022/03/13,2.02E+15,13,47,10,19380,193800
2,2022/03/13,2.02E+15,45,41,10,19350,193500
3,2022/03/13,2.02E+15,34,28,10,19176,191760
4,2022/03/13,2.02E+15,55,41,10,18800,188000
5,2022/03/13,2.02E+15,47,57,10,19173.9,191739
6,2022/03/13,2.02E+15,47,17,10,19173.9,191739
7,2022/03/13,2.02E+15,13,54,10,19449,194490
8,2022/03/13,2.02E+15,47,35,10,19173.9,191739
1,2022/03/14,2.02E+15,57,17,10,19500,195000
1,2022/03/16,2.02E+15,47,29,15,19500,292500
2,2022/03/16,2.02E+15,47,38,10,19500,195000
3,2022/03/16,2.02E+15,49,22,10,19800,198000
4,2022/03/16,2.02E+15,49,50,10,19800,198000
1,2022/03/20,2.02E+15,47,7,10,19450,194500
2,2022/03/20,2.02E+15,47,28,10,19500,195000
3,2022/03/20,2.02E+15,47,28,10,19500,195000
1,2022/03/23,2.02E+15,58,35,10,19100,191000
2,2022/03/23,2.02E+15,55,28,10,19101,191010
3,2022/03/23,2.02E+15,40,40,10,19105,191050
4,2022/03/23,2.02E+15,40,40,25,19105,477625
5,2022/03/23,2.02E+15,40,40,25,19105,477625
1,2022/03/24,2.02E+15,29,34,10,19000,190000
2,2022/03/24,2.02E+15,49,52,10,19200,192000
1,2022/03/27,2.02E+15,50,51,10,19379.9,193799
1,2022/03/30,2.02E+15,28,46,10,19002,190020
1,2022/04/03,2.02E+15,32,57,10,18502,185020
2,2022/04/03,2.02E+15,29,58,10,18718,187180
1,2022/04/05,2.02E+15,14,54,10,19100,191000
2,2022/04/05,2.02E+15,14,28,10,19100,191000
3,2022/04/05,2.02E+15,42,28,10,18872,188720
4,2022/04/05,2.02E+15,42,16,10,18800,188000
1,2022/04/06,2.02E+15,8,41,10,19377,193770
2,2022/04/06,2.02E+15,47,28,19,19100,362900
1,2022/04/07,2.02E+15,28,42,10,19398,193980
2,2022/04/07,2.02E+15,47,40,10,19377,193770
3,2022/04/07,2.02E+15,47,40,10,19377,193770
4,2022/04/07,2.02E+15,47,55,10,19377,193770
5,2022/04/07,2.02E+15,47,55,10,19377,193770
6,2022/04/07,2.02E+15,47,55,10,19377,193770
1,2022/04/11,2.02E+15,17,22,10,19100,191000
2,2022/04/11,2.02E+15,47,16,20,19390,387800
3,2022/04/11,2.02E+15,47,13,20,19395,387900
4,2022/04/11,2.02E+15,47,13,20,19396,387920
5,2022/04/11,2.02E+15,47,13,20,19397,387940
6,2022/04/11,2.02E+15,47,13,20,19398,387960
1,2022/04/12,2.02E+15,29,38,10,18772,187720
2,2022/04/12,2.02E+15,32,44,20,18404,368080
3,2022/04/12,2.02E+15,46,39,10,18718,187180
1,2022/04/13,2.02E+15,34,19,10,19147,191470
2,2022/04/13,2.02E+15,21,49,10,19000,190000
3,2022/04/13,2.02E+15,35,49,10,19000,190000
1,2022/04/17,2.02E+15,47,40,20,19100,382000
2,2022/04/17,2.02E+15,47,40,10,19140,191400
3,2022/04/17,2.02E+15,47,51,10,19140,191400
1,2022/04/18,2.02E+15,34,35,10,18800,188000
2,2022/04/18,2.02E+15,7,4,10,18800,188000
1,2022/04/19,2.02E+15,17,51,10,18700,187000
2,2022/04/19,2.02E+15,29,51,10,18424,184240
1,2022/04/21,2.02E+15,48,4,10,18402,184020
2,2022/04/21,2.02E+15,38,4,10,18403,184030
3,2022/04/21,2.02E+15,49,34,10,18700,187000
1,2022/04/25,2.02E+15,49,21,10,18700,187000
1,2022/04/26,2.02E+15,35,45,10,19000,190000
1,2022/04/27,2.02E+15,45,28,10,19299,192990
1,2022/04/28,2.02E+15,56,58,10,18950,189500
2,2022/04/28,2.02E+15,56,58,10,18950,189500
3,2022/04/28,2.02E+15,56,40,10,18900,189000
4,2022/04/28,2.02E+15,53,40,10,18600,186000
5,2022/04/28,2.02E+15,32,34,10,18900,189000
6,2022/04/28,2.02E+15,38,7,10,18914,189140
1,2022/05/04,2.02E+15,54,45,10,18950,189500
1,2022/05/05,2.02E+15,54,51,10,18600,186000
1,2022/05/09,2.02E+15,33,45,10,18500,185000
2,2022/05/09,2.02E+15,33,54,10,18600,186000
1,2022/05/11,2.02E+15,29,17,10,18600,186000
2,2022/05/11,2.02E+15,34,43,20,18300,366000
1,2022/05/18,2.02E+15,1,42,10,18750,187500
1,2022/05/20,2.02E+15,17,34,10,18450,184500
2,2022/05/20,2.02E+15,17,34,10,18600,186000
1,2022/05/23,2.02E+15,55,51,20,18300,366000
2,2022/05/23,2.02E+15,55,42,10,18490,184900
1,2022/05/24,2.02E+15,34,43,10,18350,183500
1,2022/05/25,2.02E+15,39,49,10,18717,187170
1,2022/05/26,2.02E+15,35,54,10,19089.9,190899
1,2022/05/27,2.02E+15,16,41,10,19000,190000
1,2022/06/01,2.02E+15,6,54,10,18599,185990
2,2022/06/01,2.02E+15,45,6,10,18600,186000
1,2022/06/03,2.02E+15,4,54,10,17864,178640
2,2022/06/03,2.02E+15,4,52,10,18227.1,182271
3,2022/06/03,2.02E+15,4,52,10,18227.1,182271
1,2022/06/06,2.02E+15,35,54,10,18499,184990
2,2022/06/06,2.02E+15,6,55,10,18200,182000
1,2022/06/07,2.02E+15,19,54,10,18129.6,181296
1,2022/06/08,2.02E+15,19,17,10,18499,184990
2,2022/06/08,2.02E+15,19,6,10,18200,182000
3,2022/06/08,2.02E+15,58,28,10,18100,181000
1,2022/06/09,2.02E+15,49,54,10,18350,183500
2,2022/06/09,2.02E+15,49,54,10,18499,184990
3,2022/06/09,2.02E+15,38,47,20,18499,369980
1,2022/06/10,2.02E+15,32,44,10,17387,173870
2,2022/06/10,2.02E+15,32,44,20,17386,347720
3,2022/06/10,2.02E+15,17,44,10,17739,177390
4,2022/06/10,2.02E+15,35,44,10,18000,180000
5,2022/06/10,2.02E+15,35,44,10,18100,181000
6,2022/06/10,2.02E+15,17,44,10,18000,180000
1,2022/06/13,2.02E+15,35,32,10,18100,181000
2,2022/06/13,2.02E+15,55,54,10,18000,180000
3,2022/06/13,2.02E+15,55,44,10,18000,180000
4,2022/06/13,2.02E+15,55,32,10,18000,180000
5,2022/06/13,2.02E+15,35,44,10,17900,179000
6,2022/06/13,2.02E+15,35,44,10,17900,179000
7,2022/06/13,2.02E+15,35,44,10,17800,178000
8,2022/06/13,2.02E+15,35,44,10,17790,177900
9,2022/06/13,2.02E+15,35,14,20,17734.7,354694
10,2022/06/13,2.02E+15,35,19,10,17734.7,177347
1,2022/06/14,2.02E+15,35,54,10,18461,184610
1,2022/06/15,2.02E+15,32,39,10,18000,180000
2,2022/06/15,2.02E+15,47,54,10,18100,181000
1,2022/06/16,2.02E+15,17,54,10,17999,179990
2,2022/06/16,2.02E+15,28,32,20,18000,360000
1,2022/06/17,2.02E+15,51,49,10,18100,181000
1,2022/06/19,2.02E+15,19,33,10,17910,179100
2,2022/06/19,2.02E+15,28,40,10,17900,179000
1,2022/06/20,2.02E+15,42,33,10,17751,177510
2,2022/06/20,2.02E+15,17,5,10,17751,177510
3,2022/06/20,2.02E+15,6,56,10,17910,179100
4,2022/06/20,2.02E+15,28,56,10,17950,179500
1,2022/06/21,2.02E+15,22,54,10,18106,181060
1,2022/06/23,2.02E+15,52,34,10,18200,182000
1,2022/06/26,2.02E+15,22,47,10,18700,187000
2,2022/06/26,2.02E+15,59,47,10,18700,187000
3,2022/06/26,2.02E+15,34,29,20,18700,374000
4,2022/06/26,2.02E+15,34,38,10,18700,187000
5,2022/06/26,2.02E+15,34,42,50,18700,935000
6,2022/06/26,2.02E+15,49,45,10,18749,187490
7,2022/06/26,2.02E+15,58,6,10,18400,184000
8,2022/06/26,2.02E+15,22,45,10,18101,181010
9,2022/06/26,2.02E+15,34,45,10,18033,180330
10,2022/06/26,2.02E+15,13,6,10,18400,184000
1,2022/06/28,2.02E+15,58,48,10,18400,184000
1,2022/06/29,2.02E+15,6,42,10,18350,183500
2,2022/06/29,2.02E+15,58,32,10,18400,184000
1,2022/07/03,2.02E+15,58,45,10,18335,183350
1,2022/07/04,2.02E+15,11,19,10,18400,184000
2,2022/07/04,2.02E+15,35,45,10,18500,185000
1,2022/07/05,2.02E+15,17,13,10,18300,183000
2,2022/07/05,2.02E+15,34,13,10,18300,183000
1,2022/07/07,2.02E+15,58,21,10,18005,180050
2,2022/07/07,2.02E+15,52,13,10,18300,183000
3,2022/07/07,2.02E+15,52,47,10,18200,182000
4,2022/07/07,2.02E+15,58,59,10,18005,180050
1,2022/07/11,2.02E+15,32,13,10,18005,180050
2,2022/07/11,2.02E+15,57,51,10,17817,178170
3,2022/07/11,2.02E+15,58,13,10,18180,181800
1,2022/07/12,2.02E+15,58,13,10,18005,180050
1,2022/07/13,2.02E+15,4,59,10,17700,177000
2,2022/07/13,2.02E+15,28,13,10,18005,180050
1,2022/07/14,2.02E+15,41,17,10,18000,180000
2,2022/07/14,2.02E+15,58,13,10,18180,181800
3,2022/07/14,2.02E+15,28,13,10,18180,181800
4,2022/07/14,2.02E+15,45,58,10,18000,180000
5,2022/07/14,2.02E+15,58,13,10,18000,180000
1,2022/07/15,2.02E+15,28,52,10,18360,183600
1,2022/07/17,2.02E+15,28,28,10,18551,185510
2,2022/07/17,2.02E+15,38,28,10,18400,184000
1,2022/07/19,2.02E+15,58,28,10,18799,187990
1,2022/07/21,2.02E+15,18,48,10,18571,185710
2,2022/07/21,2.02E+15,21,14,10,18950,189500
1,2022/07/24,2.02E+15,32,28,10,18500,185000
2,2022/07/24,2.02E+15,28,19,10,18210,182100
3,2022/07/24,2.02E+15,34,58,10,18200,182000
4,2022/07/24,2.02E+15,58,58,10,18200,182000
5,2022/07/24,2.02E+15,58,28,10,18200,182000
1,2022/07/25,2.02E+15,28,13,10,18300,183000
2,2022/07/25,2.02E+15,45,13,50,18230.2,911510
3,2022/07/25,2.02E+15,34,13,50,18230.3,911515
4,2022/07/25,2.02E+15,34,13,10,18250.1,182501
5,2022/07/25,2.02E+15,28,13,10,18260,182600
6,2022/07/25,2.02E+15,28,13,10,18300,183000
7,2022/07/25,2.02E+15,28,13,20,18300,366000
1,2022/07/26,2.02E+15,28,58,10,18000,180000
2,2022/07/26,2.02E+15,34,13,10,18300,183000
3,2022/07/26,2.02E+15,4,13,10,18300,183000
4,2022/07/26,2.02E+15,34,34,10,18300,183000
5,2022/07/26,2.02E+15,16,34,20,18300,366000
6,2022/07/26,2.02E+15,34,14,10,18666,186660
1,2022/07/27,2.02E+15,21,13,10,18000,180000
2,2022/07/27,2.02E+15,22,13,10,18000,180000
1,2022/07/28,2.02E+15,21,28,10,17545,175450
2,2022/07/28,2.02E+15,7,43,10,17201,172010
3,2022/07/28,2.02E+15,35,43,10,17220,172200
4,2022/07/28,2.02E+15,28,43,10,16887.8,168878
5,2022/07/28,2.02E+15,34,43,10,16887.8,168878
6,2022/07/28,2.02E+15,13,43,10,16556.7,165567
7,2022/07/28,2.02E+15,13,43,10,16894.5,168945
8,2022/07/28,2.02E+15,28,43,10,17000,170000
9,2022/07/28,2.02E+15,29,43,20,16894.5,337890
10,2022/07/28,2.02E+15,55,43,10,17239.2,172392
11,2022/07/28,2.02E+15,18,43,10,17591,175910
12,2022/07/28,2.02E+15,4,43,15,17640,264600
13,2022/07/28,2.02E+15,4,43,10,17640,176400
14,2022/07/28,2.02E+15,53,43,10,17640,176400
15,2022/07/28,2.02E+15,4,43,15,17642,264630
16,2022/07/28,2.02E+15,4,43,10,17642,176420
17,2022/07/28,2.02E+15,35,43,10,17642.1,176421
18,2022/07/28,2.02E+15,26,43,10,17643,176430
19,2022/07/28,2.02E+15,28,43,10,17850,178500
20,2022/07/28,2.02E+15,58,13,10,18000,180000
21,2022/07/28,2.02E+15,26,34,10,17860,178600
22,2022/07/28,2.02E+15,19,49,10,17950,179500
23,2022/07/28,2.02E+15,55,13,20,18000,360000
24,2022/07/28,2.02E+15,22,13,10,18000,180000
25,2022/07/28,2.02E+15,7,13,20,18000,360000
1,2022/07/29,2.02E+15,49,19,10,17650,176500
1,2022/08/01,2.02E+15,28,35,10,18100,181000
2,2022/08/01,2.02E+15,28,53,10,17999.9,179999
3,2022/08/01,2.02E+15,17,22,10,17900,179000
4,2022/08/01,2.02E+15,55,22,10,17901,179010
5,2022/08/01,2.02E+15,49,34,10,17910,179100
6,2022/08/01,2.02E+15,55,7,10,17980,179800
7,2022/08/01,2.02E+15,28,55,10,17905,179050
1,2022/08/02,2.02E+15,28,28,10,17999.8,179998
2,2022/08/02,2.02E+15,52,16,20,17950,359000
1,2022/08/03,2.02E+15,45,13,10,18000,180000
1,2022/08/04,2.02E+15,21,7,10,17900,179000
1,2022/08/05,2.02E+15,45,7,10,18000,180000
2,2022/08/05,2.02E+15,32,7,10,18000,180000
1,2022/08/07,2.02E+15,48,28,10,17993.8,179938
2,2022/08/07,2.02E+15,4,55,10,17641,176410
3,2022/08/07,2.02E+15,42,55,10,17641,176410
1,2022/08/08,2.02E+15,57,13,10,19000,190000
2,2022/08/08,2.02E+15,42,13,10,19001,190010
3,2022/08/08,2.02E+15,45,13,10,19380,193800
4,2022/08/08,2.02E+15,20,13,10,19000,190000
5,2022/08/08,2.02E+15,20,58,10,19000,190000
6,2022/08/08,2.02E+15,58,13,10,19095,190950
7,2022/08/08,2.02E+15,49,13,10,19110,191100
8,2022/08/08,2.02E+15,3,13,10,19120,191200
9,2022/08/08,2.02E+15,20,13,10,19400,194000
10,2022/08/08,2.02E+15,21,13,20,19405,388100
11,2022/08/08,2.02E+15,28,13,10,19550,195500
12,2022/08/08,2.02E+15,50,28,10,19793,197930
13,2022/08/08,2.02E+15,46,57,10,19793.1,197931
14,2022/08/08,2.02E+15,53,52,10,19793.1,197931
15,2022/08/08,2.02E+15,53,38,10,19793,197930
16,2022/08/08,2.02E+15,57,13,10,19742,197420
17,2022/08/08,2.02E+15,20,52,10,19500,195000
18,2022/08/08,2.02E+15,49,13,10,19355,193550
19,2022/08/08,2.02E+15,21,13,10,19398,193980
20,2022/08/08,2.02E+15,58,13,10,19400,194000
21,2022/08/08,2.02E+15,58,13,10,19400,194000
22,2022/08/08,2.02E+15,58,13,10,19400,194000
23,2022/08/08,2.02E+15,25,13,10,19750,197500
24,2022/08/08,2.02E+15,51,13,100,19400,1940000
25,2022/08/08,2.02E+15,33,13,10,19400,194000
26,2022/08/08,2.02E+15,51,13,50,19403,970150
27,2022/08/08,2.02E+15,35,13,20,19403,388060
28,2022/08/08,2.02E+15,51,13,50,19404,970200
29,2022/08/08,2.02E+15,7,13,100,19405,1940500
30,2022/08/08,2.02E+15,28,13,20,19731.1,394622
31,2022/08/08,2.02E+15,25,49,10,19793.1,197931
32,2022/08/08,2.02E+15,57,13,18,19793.1,356275.8
33,2022/08/08,2.02E+15,43,13,10,19793.1,197931
34,2022/08/08,2.02E+15,57,13,20,19793.1,395862
35,2022/08/08,2.02E+15,57,13,20,19793.1,395862
36,2022/08/08,2.02E+15,58,13,12,19793.1,237517.2
37,2022/08/08,2.02E+15,58,46,10,19793.1,197931
38,2022/08/08,2.02E+15,58,13,10,19793.1,197931
39,2022/08/08,2.02E+15,13,13,80,19793.1,1583448
40,2022/08/08,2.02E+15,13,13,30,19793.1,593793
41,2022/08/08,2.02E+15,13,13,70,19793.1,1385517
42,2022/08/08,2.02E+15,58,13,10,19793.1,197931
43,2022/08/08,2.02E+15,59,13,20,19793.1,395862
44,2022/08/08,2.02E+15,51,13,40,19793.1,791724
45,2022/08/08,2.02E+15,28,13,50,19793.1,989655
46,2022/08/08,2.02E+15,28,13,30,19793.1,593793
47,2022/08/08,2.02E+15,13,13,100,19793.1,1979310
48,2022/08/08,2.02E+15,13,13,10,19793.1,197931
49,2022/08/08,2.02E+15,28,13,10,19793.1,197931
50,2022/08/08,2.02E+15,33,13,10,19793.1,197931
51,2022/08/08,2.02E+15,28,13,20,19793.1,395862
52,2022/08/08,2.02E+15,57,13,10,19793.1,197931
53,2022/08/08,2.02E+15,52,13,100,19793.1,1979310
54,2022/08/08,2.02E+15,29,13,10,19793.1,197931
55,2022/08/08,2.02E+15,28,13,15,19793.1,296896.5
56,2022/08/08,2.02E+15,28,13,85,19793.1,1682413.5
57,2022/08/08,2.02E+15,42,13,15,19793.1,296896.5
58,2022/08/08,2.02E+15,57,13,10,19793.1,197931
59,2022/08/08,2.02E+15,32,13,10,19793.1,197931
60,2022/08/08,2.02E+15,29,57,10,19793.1,197931
61,2022/08/08,2.02E+15,28,13,20,19793.1,395862
62,2022/08/08,2.02E+15,13,13,10,19793.1,197931
63,2022/08/08,2.02E+15,28,41,10,19793.1,197931
64,2022/08/08,2.02E+15,28,58,10,19793.1,197931
65,2022/08/08,2.02E+15,48,41,10,19793.1,197931
66,2022/08/08,2.02E+15,13,13,10,19793.1,197931
67,2022/08/08,2.02E+15,44,13,20,19793.1,395862
68,2022/08/08,2.02E+15,28,13,100,19793.1,1979310
69,2022/08/08,2.02E+15,28,13,20,19793.1,395862
70,2022/08/08,2.02E+15,58,57,10,19793.1,197931
71,2022/08/08,2.02E+15,20,13,50,19793.1,989655
72,2022/08/08,2.02E+15,51,13,10,19793.1,197931
73,2022/08/08,2.02E+15,51,13,50,19793.1,989655
74,2022/08/08,2.02E+15,51,13,100,19793.1,1979310
75,2022/08/08,2.02E+15,28,13,100,19793.1,1979310
76,2022/08/08,2.02E+15,28,13,11,19793.1,217724.1
77,2022/08/08,2.02E+15,28,47,25,19793.1,494827.5
78,2022/08/08,2.02E+15,28,35,10,19793,197930
79,2022/08/08,2.02E+15,28,14,10,19790,197900
80,2022/08/08,2.02E+15,28,28,10,19788,197880
81,2022/08/08,2.02E+15,28,58,10,19700,197000
82,2022/08/08,2.02E+15,28,45,40,19475.9,779036
83,2022/08/08,2.02E+15,28,45,10,19475.9,194759
84,2022/08/08,2.02E+15,58,28,10,19095,190950
85,2022/08/08,2.02E+15,58,28,10,18720.6,187206
86,2022/08/08,2.02E+15,34,28,10,18353.6,183536
1,2022/08/09,2.02E+15,38,28,10,19750,197500
2,2022/08/09,2.02E+15,6,21,10,19700,197000
3,2022/08/09,2.02E+15,6,6,10,19700,197000
4,2022/08/09,2.02E+15,6,28,10,19700,197000
5,2022/08/09,2.02E+15,6,51,10,19699,196990
6,2022/08/09,2.02E+15,6,13,10,19688,196880
7,2022/08/09,2.02E+15,50,13,20,19600,392000
8,2022/08/09,2.02E+15,16,38,10,19600,196000
9,2022/08/09,2.02E+15,6,13,30,19500,585000
10,2022/08/09,2.02E+15,6,13,60,19500,1170000
11,2022/08/09,2.02E+15,16,28,10,19680,196800
12,2022/08/09,2.02E+15,6,13,50,19500,975000
13,2022/08/09,2.02E+15,50,44,20,19500,390000
14,2022/08/09,2.02E+15,6,58,10,19400,194000
15,2022/08/09,2.02E+15,6,21,10,19400,194000
16,2022/08/09,2.02E+15,6,13,40,19400,776000
17,2022/08/09,2.02E+15,58,13,10,19380,193800
1,2022/08/10,2.02E+15,35,50,15,20600,309000
2,2022/08/10,2.02E+15,43,13,10,20287.8,202878
3,2022/08/10,2.02E+15,16,13,10,20000,200000
4,2022/08/10,2.02E+15,6,13,10,19890,198900
5,2022/08/10,2.02E+15,6,13,740,19500,14430000
6,2022/08/10,2.02E+15,58,13,10,19500,195000
7,2022/08/10,2.02E+15,11,13,10,19700,197000
8,2022/08/10,2.02E+15,6,13,10,19698,196980
9,2022/08/10,2.02E+15,58,13,35,20100,703500
10,2022/08/10,2.02E+15,16,13,30,20100,603000
11,2022/08/10,2.02E+15,25,13,10,20502,205020
12,2022/08/10,2.02E+15,34,28,10,20502,205020
13,2022/08/10,2.02E+15,34,19,10,20502,205020
14,2022/08/10,2.02E+15,34,49,10,20502,205020
15,2022/08/10,2.02E+15,34,58,20,20500,410000
16,2022/08/10,2.02E+15,49,13,10,20400,204000
17,2022/08/10,2.02E+15,34,13,10,20300,203000
18,2022/08/10,2.02E+15,57,13,10,20300,203000
19,2022/08/10,2.02E+15,34,38,10,20145,201450
20,2022/08/10,2.02E+15,34,32,10,20144,201440
21,2022/08/10,2.02E+15,34,38,10,20100,201000
22,2022/08/10,2.02E+15,34,13,20,20100,402000
23,2022/08/10,2.02E+15,38,1,10,20100,201000
1,2022/08/11,2.02E+15,58,51,20,18905,378100
2,2022/08/11,2.02E+15,58,28,10,18950,189500
3,2022/08/11,2.02E+15,13,51,10,18868,188680
4,2022/08/11,2.02E+15,7,51,50,18888,944400
5,2022/08/11,2.02E+15,32,51,20,18889,377780
6,2022/08/11,2.02E+15,28,51,50,18890,944500
7,2022/08/11,2.02E+15,39,51,20,18900,378000
8,2022/08/11,2.02E+15,34,51,10,18900,189000
9,2022/08/11,2.02E+15,39,51,20,18905,378100
10,2022/08/11,2.02E+15,7,51,10,18905,189050
11,2022/08/11,2.02E+15,32,51,10,18963,189630
12,2022/08/11,2.02E+15,52,51,10,18963,189630
13,2022/08/11,2.02E+15,26,51,10,18964,189640
14,2022/08/11,2.02E+15,14,51,10,19000,190000
15,2022/08/11,2.02E+15,45,51,10,19011.1,190111
16,2022/08/11,2.02E+15,45,51,10,19050,190500
17,2022/08/11,2.02E+15,34,51,10,19100,191000
18,2022/08/11,2.02E+15,58,51,10,19100,191000
19,2022/08/11,2.02E+15,16,51,10,19101,191010
20,2022/08/11,2.02E+15,16,50,10,19200,192000
21,2022/08/11,2.02E+15,16,51,10,19399,193990
22,2022/08/11,2.02E+15,49,51,10,19190.1,191901
23,2022/08/11,2.02E+15,45,51,20,19192,383840
24,2022/08/11,2.02E+15,22,51,10,19210,192100
25,2022/08/11,2.02E+15,26,51,10,19210,192100
26,2022/08/11,2.02E+15,28,51,10,19252,192520
27,2022/08/11,2.02E+15,28,51,10,19260,192600
28,2022/08/11,2.02E+15,36,51,10,19350,193500
29,2022/08/11,2.02E+15,52,51,10,19351,193510
30,2022/08/11,2.02E+15,28,28,20,19600,392000
31,2022/08/11,2.02E+15,28,28,30,19400,582000
32,2022/08/11,2.02E+15,34,28,10,19400,194000
33,2022/08/11,2.02E+15,38,28,10,19400.1,194001
34,2022/08/11,2.02E+15,36,28,25,19400,485000
35,2022/08/11,2.02E+15,34,28,15,19400,291000
36,2022/08/11,2.02E+15,7,28,50,19400,970000
37,2022/08/11,2.02E+15,7,28,40,19400,776000
38,2022/08/11,2.02E+15,28,28,10,19400,194000
39,2022/08/11,2.02E+15,6,28,10,19400,194000
40,2022/08/11,2.02E+15,6,28,10,19400,194000
41,2022/08/11,2.02E+15,6,28,10,19400,194000
42,2022/08/11,2.02E+15,6,28,10,19400,194000
43,2022/08/11,2.02E+15,28,28,20,19400,388000
44,2022/08/11,2.02E+15,28,28,10,19400,194000
45,2022/08/11,2.02E+15,52,28,10,19400,194000
46,2022/08/11,2.02E+15,49,28,10,19400,194000
47,2022/08/11,2.02E+15,28,28,10,19400,194000
48,2022/08/11,2.02E+15,34,28,20,19400,388000
49,2022/08/11,2.02E+15,51,28,10,19400,194000
50,2022/08/11,2.02E+15,6,28,10,19400,194000
51,2022/08/11,2.02E+15,6,28,20,19400,388000
52,2022/08/11,2.02E+15,49,13,10,19400,194000
53,2022/08/11,2.02E+15,35,28,20,19500,390000
54,2022/08/11,2.02E+15,6,28,10,19500,195000
55,2022/08/11,2.02E+15,6,58,10,19550,195500
56,2022/08/11,2.02E+15,18,44,10,19845,198450
57,2022/08/11,2.02E+15,52,44,10,20250,202500
1,2022/08/14,2.02E+15,28,34,10,18897.5,188975
2,2022/08/14,2.02E+15,55,28,10,18527,185270
3,2022/08/14,2.02E+15,42,28,20,18528,370560
4,2022/08/14,2.02E+15,35,28,10,18528.1,185281
5,2022/08/14,2.02E+15,37,28,10,18540,185400
6,2022/08/14,2.02E+15,58,28,10,18550,185500
7,2022/08/14,2.02E+15,22,28,10,18600,186000
8,2022/08/14,2.02E+15,11,28,15,18600,279000
9,2022/08/14,2.02E+15,51,28,10,18710,187100
10,2022/08/14,2.02E+15,28,46,10,18600,186000
1,2022/08/15,2.02E+15,16,13,40,19275,771000
2,2022/08/15,2.02E+15,51,55,10,19275,192750
3,2022/08/15,2.02E+15,34,22,10,19275.4,192754
4,2022/08/15,2.02E+15,34,28,10,19275,192750
5,2022/08/15,2.02E+15,42,51,10,19275,192750
6,2022/08/15,2.02E+15,58,28,10,19275,192750
1,2022/08/16,2.02E+15,34,21,10,18191,181910
2,2022/08/16,2.02E+15,28,21,10,18200,182000
3,2022/08/16,2.02E+15,42,58,20,18140,362800
4,2022/08/16,2.02E+15,45,58,10,18450,184500
5,2022/08/16,2.02E+15,34,57,10,18135,181350
6,2022/08/16,2.02E+15,49,57,10,18135,181350
7,2022/08/16,2.02E+15,34,57,15,18135.1,272026.5
8,2022/08/16,2.02E+15,13,57,10,18145,181450
9,2022/08/16,2.02E+15,17,13,10,18505.1,185051
10,2022/08/16,2.02E+15,18,13,10,18505.1,185051
11,2022/08/16,2.02E+15,42,13,10,18506,185060
12,2022/08/16,2.02E+15,26,13,10,18509,185090
13,2022/08/16,2.02E+15,28,13,10,18521,185210
14,2022/08/16,2.02E+15,13,13,10,18882.7,188827
15,2022/08/16,2.02E+15,21,13,10,19268,192680
16,2022/08/16,2.02E+15,19,28,10,19660.5,196605
1,2022/08/17,2.02E+15,48,49,10,18600,186000
2,2022/08/17,2.02E+15,22,34,10,18554.8,185548
1,2022/08/21,2.02E+15,17,13,10,18690,186900
2,2022/08/21,2.02E+15,17,13,20,18690,373800
3,2022/08/21,2.02E+15,22,34,10,18600,186000
4,2022/08/21,2.02E+15,58,34,10,18624,186240
5,2022/08/21,2.02E+15,58,16,10,18624,186240
6,2022/08/21,2.02E+15,7,3,10,18550,185500
7,2022/08/21,2.02E+15,4,16,10,18500,185000
8,2022/08/21,2.02E+15,10,49,10,18260,182600
1,2022/08/22,2.02E+15,37,39,10,18344,183440
2,2022/08/22,2.02E+15,48,39,10,18400,184000
3,2022/08/22,2.02E+15,38,39,10,18450,184500
4,2022/08/22,2.02E+15,7,39,10,18500,185000
5,2022/08/22,2.02E+15,7,16,10,18450,184500
6,2022/08/22,2.02E+15,58,16,10,18500,185000
1,2022/08/23,2.02E+15,7,57,10,18500,185000
2,2022/08/23,2.02E+15,57,28,10,18500,185000
3,2022/08/23,2.02E+15,58,28,10,18699,186990
4,2022/08/23,2.02E+15,26,13,10,18720,187200
5,2022/08/23,2.02E+15,34,13,11,18720,205920
6,2022/08/23,2.02E+15,22,34,10,18700,187000
7,2022/08/23,2.02E+15,57,13,10,18710.8,187108
1,2022/08/24,2.02E+15,49,34,15,18850,282750
2,2022/08/24,2.02E+15,58,57,10,18700,187000
3,2022/08/24,2.02E+15,58,57,10,18650,186500
4,2022/08/24,2.02E+15,42,33,10,18650,186500
5,2022/08/24,2.02E+15,58,33,10,18700,187000
6,2022/08/24,2.02E+15,58,16,10,19000,190000
7,2022/08/24,2.02E+15,58,13,10,18870,188700
8,2022/08/24,2.02E+15,58,16,10,18850,188500
1,2022/08/25,2.02E+15,22,28,10,18550,185500
2,2022/08/25,2.02E+15,45,37,10,18600,186000
1,2022/08/26,2.02E+15,49,58,10,18500,185000
2,2022/08/26,2.02E+15,17,48,10,18400,184000
1,2022/08/28,2.02E+15,7,28,10,18575,185750
2,2022/08/28,2.02E+15,7,34,10,18480,184800
3,2022/08/28,2.02E+15,10,28,10,18470,184700
4,2022/08/28,2.02E+15,10,26,10,18460,184600
5,2022/08/28,2.02E+15,43,17,10,18220,182200
6,2022/08/28,2.02E+15,58,17,10,18250,182500
7,2022/08/28,2.02E+15,49,44,10,18490,184900
8,2022/08/28,2.02E+15,28,17,10,18201,182010
9,2022/08/28,2.02E+15,53,57,50,18250,912500
10,2022/08/28,2.02E+15,53,57,50,18250,912500
1,2022/08/29,2.02E+15,49,28,10,18799,187990
2,2022/08/29,2.02E+15,49,20,10,18550,185500
3,2022/08/29,2.02E+15,38,11,10,18300,183000
4,2022/08/29,2.02E+15,29,11,10,18310,183100
5,2022/08/29,2.02E+15,58,11,10,18415,184150
6,2022/08/29,2.02E+15,49,44,10,18790,187900
7,2022/08/29,2.02E+15,19,28,10,18880,188800
1,2022/09/01,2.02E+15,19,38,10,18485,184850
2,2022/09/01,2.02E+15,4,17,10,18745,187450
3,2022/09/01,2.02E+15,58,34,10,18650,186500
4,2022/09/01,2.02E+15,28,28,10,18421,184210
5,2022/09/01,2.02E+15,57,42,10,18784,187840
1,2022/09/02,2.02E+15,34,13,10,18000,180000
2,2022/09/02,2.02E+15,58,13,20,18000,360000
3,2022/09/02,2.02E+15,6,13,10,18000,180000
4,2022/09/02,2.02E+15,6,13,10,18000,180000
5,2022/09/02,2.02E+15,28,13,10,18000,180000
6,2022/09/02,2.02E+15,6,13,10,18000,180000
7,2022/09/02,2.02E+15,58,13,10,18020,180200
8,2022/09/02,2.02E+15,28,13,10,18030,180300
9,2022/09/02,2.02E+15,28,13,10,18020,180200
10,2022/09/02,2.02E+15,50,13,50,18000,900000
11,2022/09/02,2.02E+15,55,13,15,18115.3,271729.5
12,2022/09/02,2.02E+15,55,13,20,18115.3,362306
13,2022/09/02,2.02E+15,50,13,50,18115.3,905765
14,2022/09/02,2.02E+15,6,13,500,18000,9000000
15,2022/09/02,2.02E+15,17,13,10,18115.3,181153
16,2022/09/02,2.02E+15,42,13,10,18116,181160
17,2022/09/02,2.02E+15,26,13,10,18116,181160
18,2022/09/02,2.02E+15,43,13,10,18117,181170
19,2022/09/02,2.02E+15,58,13,10,18200,182000
20,2022/09/02,2.02E+15,34,13,20,18200,364000
21,2022/09/02,2.02E+15,45,13,10,18200,182000
22,2022/09/02,2.02E+15,34,13,20,18250,365000
23,2022/09/02,2.02E+15,28,13,10,18300,183000
24,2022/09/02,2.02E+15,4,13,10,18480,184800
25,2022/09/02,2.02E+15,5,13,10,18550,185500
1,2022/09/04,2.02E+15,34,43,20,18100,362000
2,2022/09/04,2.02E+15,58,42,10,18360,183600
3,2022/09/04,2.02E+15,55,28,10,18400,184000
4,2022/09/04,2.02E+15,5,58,10,18400,184000
5,2022/09/04,2.02E+15,5,28,10,18360,183600
6,2022/09/04,2.02E+15,5,28,10,18360,183600
1,2022/09/05,2.02E+15,57,34,10,18225,182250
1,2022/09/06,2.02E+15,22,26,20,18100,362000
2,2022/09/06,2.02E+15,32,26,10,18110,181100
3,2022/09/06,2.02E+15,19,26,10,18100,181000
4,2022/09/06,2.02E+15,10,26,10,18100,181000
5,2022/09/06,2.02E+15,35,28,10,18360,183600
6,2022/09/06,2.02E+15,45,34,10,18400,184000
7,2022/09/06,2.02E+15,10,34,10,18390,183900
8,2022/09/06,2.02E+15,45,28,20,18300,366000
1,2022/09/07,2.02E+15,45,8,10,18150,181500
2,2022/09/07,2.02E+15,45,8,10,18150,181500
3,2022/09/07,2.02E+15,22,8,10,18050,180500
4,2022/09/07,2.02E+15,35,34,10,18200,182000
1,2022/09/08,2.02E+15,58,19,10,18100,181000
2,2022/09/08,2.02E+15,7,19,10,18200,182000
1,2022/09/11,2.02E+15,50,43,10,18399.9,183999
1,2022/09/12,2.02E+15,6,34,10,18100,181000
2,2022/09/12,2.02E+15,6,34,10,18100,181000
1,2022/09/13,2.02E+15,28,52,10,18100,181000
2,2022/09/13,2.02E+15,1,52,20,18100,362000
3,2022/09/13,2.02E+15,57,35,10,18050,180500
4,2022/09/13,2.02E+15,42,35,10,18050,180500
1,2022/09/14,2.02E+15,4,34,10,18400,184000
2,2022/09/14,2.02E+15,38,28,10,18421,184210
1,2022/09/15,2.02E+15,28,34,10,18000,180000
2,2022/09/15,2.02E+15,13,34,10,18050,180500
3,2022/09/15,2.02E+15,29,34,10,18000,180000
4,2022/09/15,2.02E+15,47,34,10,18000,180000
5,2022/09/15,2.02E+15,37,34,10,18002,180020
6,2022/09/15,2.02E+15,6,34,10,18050,180500
7,2022/09/15,2.02E+15,45,44,10,18250,182500
8,2022/09/15,2.02E+15,45,34,10,18250,182500
9,2022/09/15,2.02E+15,41,34,10,18400,184000
1,2022/09/18,2.02E+15,34,38,10,17641,176410
2,2022/09/18,2.02E+15,22,56,10,17641,176410
3,2022/09/18,2.02E+15,50,56,10,17641.1,176411
4,2022/09/18,2.02E+15,17,56,10,17688,176880
1,2022/09/20,2.02E+15,32,47,10,17700,177000
2,2022/09/20,2.02E+15,45,38,10,17600,176000
3,2022/09/20,2.02E+15,45,47,20,17700,354000
4,2022/09/20,2.02E+15,45,47,10,17700,177000
5,2022/09/20,2.02E+15,45,47,10,17700,177000
6,2022/09/20,2.02E+15,45,47,10,17701,177010
7,2022/09/20,2.02E+15,28,34,10,17700,177000
1,2022/09/21,2.02E+15,29,28,10,17750,177500
2,2022/09/21,2.02E+15,28,19,10,17650,176500
3,2022/09/21,2.02E+15,53,45,10,17401,174010
1,2022/09/25,2.02E+15,22,28,10,17500,175000
2,2022/09/25,2.02E+15,28,28,10,17500,175000
3,2022/09/25,2.02E+15,7,28,10,17650,176500
4,2022/09/25,2.02E+15,21,28,10,17600,176000
5,2022/09/25,2.02E+15,7,28,10,17701,177010
6,2022/09/25,2.02E+15,55,28,15,17833.9,267508.5
7,2022/09/25,2.02E+15,21,28,10,17900,179000
8,2022/09/25,2.02E+15,42,13,10,18197.8,181978
9,2022/09/25,2.02E+15,55,51,10,17841,178410
10,2022/09/25,2.02E+15,6,28,10,17700,177000
11,2022/09/25,2.02E+15,6,51,10,17841,178410
12,2022/09/25,2.02E+15,28,28,10,17700,177000
13,2022/09/25,2.02E+15,43,34,10,18000,180000
1,2022/09/27,2.02E+15,35,57,10,17400,174000
1,2022/09/28,2.02E+15,8,13,10,17646,176460
2,2022/09/28,2.02E+15,42,28,25,17300,432500
1,2022/09/29,2.02E+15,45,6,10,17998,179980
2,2022/09/29,2.02E+15,22,28,10,17900,179000
1,2022/10/09,2.02E+15,45,29,10,17800,178000
1,2022/10/10,2.02E+15,34,52,10,17900,179000
2,2022/10/10,2.02E+15,49,28,10,18091,180910
3,2022/10/10,2.02E+15,57,13,11,18000,198000
1,2022/10/11,2.02E+15,25,28,10,17900,179000
2,2022/10/11,2.02E+15,38,13,10,17900,179000
3,2022/10/11,2.02E+15,6,13,10,17900,179000
1,2022/10/12,2.02E+15,45,50,10,18000,180000
2,2022/10/12,2.02E+15,32,13,10,17677,176770
1,2022/10/13,2.02E+15,21,26,10,18350,183500
2,2022/10/13,2.02E+15,14,28,10,18351,183510
3,2022/10/13,2.02E+15,44,6,10,18350,183500
4,2022/10/13,2.02E+15,57,28,10,18360,183600
1,2022/10/16,2.02E+15,44,8,20,18120,362400
2,2022/10/16,2.02E+15,58,38,10,18150,181500
3,2022/10/16,2.02E+15,17,26,10,18360,183600
4,2022/10/16,2.02E+15,44,34,20,18350,367000
5,2022/10/16,2.02E+15,44,37,10,18300,183000
6,2022/10/16,2.02E+15,44,13,18,18290,329220
7,2022/10/16,2.02E+15,42,13,10,18250,182500
8,2022/10/16,2.02E+15,25,25,25,18002,450050
9,2022/10/16,2.02E+15,25,25,27,18002,486054
10,2022/10/16,2.02E+15,25,25,27,18001,486027
11,2022/10/16,2.02E+15,25,25,26,18001,468026
12,2022/10/16,2.02E+15,41,25,25,18000,450000
1,2022/10/19,2.02E+15,17,13,10,18120,181200
2,2022/10/19,2.02E+15,17,26,10,18120,181200
3,2022/10/19,2.02E+15,6,13,10,18120,181200
1,2022/10/20,2.02E+15,17,17,20,18150,363000
2,2022/10/20,2.02E+15,17,22,10,18100,181000
1,2022/10/23,2.02E+15,58,50,10,18000,180000
2,2022/10/23,2.02E+15,25,25,27,18100,488700
3,2022/10/23,2.02E+15,25,25,27,18100,488700
4,2022/10/23,2.02E+15,25,25,27,18050,487350
5,2022/10/23,2.02E+15,25,25,27,18001,486027
6,2022/10/23,2.02E+15,25,25,27,18000,486000
1,2022/11/01,2.02E+15,45,55,10,18004,180040
2,2022/11/01,2.02E+15,25,55,10,18300,183000
1,2022/11/02,2.02E+15,58,13,10,18300,183000
2,2022/11/02,2.02E+15,25,49,10,18364,183640
3,2022/11/02,2.02E+15,25,58,10,18364,183640
4,2022/11/02,2.02E+15,25,17,10,18350,183500
5,2022/11/02,2.02E+15,25,50,10,18350,183500
6,2022/11/02,2.02E+15,58,50,10,18100,181000
1,2022/11/03,2.02E+15,39,20,10,19500,195000
2,2022/11/03,2.02E+15,38,42,10,19500,195000
3,2022/11/03,2.02E+15,6,7,10,19550,195500
4,2022/11/03,2.02E+15,29,49,10,19590,195900
5,2022/11/03,2.02E+15,4,28,10,19540,195400
6,2022/11/03,2.02E+15,22,28,10,19530,195300
7,2022/11/03,2.02E+15,35,49,10,19518,195180
8,2022/11/03,2.02E+15,32,28,10,19500,195000
9,2022/11/03,2.02E+15,10,20,10,19500,195000
10,2022/11/03,2.02E+15,32,20,10,19520,195200
11,2022/11/03,2.02E+15,32,32,10,19530,195300
12,2022/11/03,2.02E+15,26,54,20,19530,390600
13,2022/11/03,2.02E+15,49,42,10,19580,195800
14,2022/11/03,2.02E+15,6,10,10,19450,194500
15,2022/11/03,2.02E+15,35,29,30,19400,582000
16,2022/11/03,2.02E+15,35,26,10,19400,194000
17,2022/11/03,2.02E+15,35,10,10,19400,194000
18,2022/11/03,2.02E+15,35,20,50,19400,970000
19,2022/11/03,2.02E+15,32,1,20,19250,385000
20,2022/11/03,2.02E+15,45,37,10,19209,192090
21,2022/11/03,2.02E+15,58,29,10,19600,196000
22,2022/11/03,2.02E+15,52,13,10,19800,198000
23,2022/11/03,2.02E+15,22,29,10,19600,196000
24,2022/11/03,2.02E+15,58,58,10,19999,199990
25,2022/11/03,2.02E+15,58,17,10,19999,199990
26,2022/11/03,2.02E+15,58,43,10,19788,197880
27,2022/11/03,2.02E+15,58,29,10,19788,197880
28,2022/11/03,2.02E+15,45,36,10,19400,194000
29,2022/11/03,2.02E+15,58,18,10,19039.3,190393
30,2022/11/03,2.02E+15,58,18,10,18666,186660
1,2022/11/06,2.02E+15,42,55,20,20000,400000
2,2022/11/06,2.02E+15,32,55,20,20005,400100
3,2022/11/06,2.02E+15,14,55,10,20005.1,200051
4,2022/11/06,2.02E+15,32,38,10,20000,200000
5,2022/11/06,2.02E+15,32,16,10,20100,201000
6,2022/11/06,2.02E+15,32,52,10,20099.9,200999
7,2022/11/06,2.02E+15,46,16,10,20100,201000
8,2022/11/06,2.02E+15,14,17,10,20000,200000
9,2022/11/06,2.02E+15,38,16,10,20000,200000
10,2022/11/06,2.02E+15,57,32,10,20090,200900
11,2022/11/06,2.02E+15,32,55,20,20001,400020
12,2022/11/06,2.02E+15,32,55,20,20005,400100
13,2022/11/06,2.02E+15,32,55,10,20010,200100
14,2022/11/06,2.02E+15,32,39,10,20010,200100
15,2022/11/06,2.02E+15,32,29,20,20100,402000
16,2022/11/06,2.02E+15,32,16,20,20100,402000
17,2022/11/06,2.02E+15,38,58,10,20300,203000
18,2022/11/06,2.02E+15,32,58,10,20300,203000
19,2022/11/06,2.02E+15,32,55,20,20310,406200
20,2022/11/06,2.02E+15,32,55,20,20310,406200
21,2022/11/06,2.02E+15,32,55,10,20312,203120
22,2022/11/06,2.02E+15,43,55,10,20350,203500
23,2022/11/06,2.02E+15,32,55,10,20312,203120
24,2022/11/06,2.02E+15,32,55,20,20315,406300
25,2022/11/06,2.02E+15,32,55,20,20315,406300
26,2022/11/06,2.02E+15,32,55,20,20315,406300
27,2022/11/06,2.02E+15,39,55,10,20311,203110
28,2022/11/06,2.02E+15,32,55,20,20315,406300
29,2022/11/06,2.02E+15,32,54,20,20310,406200
30,2022/11/06,2.02E+15,32,42,10,20300,203000
31,2022/11/06,2.02E+15,58,7,10,20499,204990
32,2022/11/06,2.02E+15,14,25,10,20200,202000
33,2022/11/06,2.02E+15,14,13,10,20200,202000
34,2022/11/06,2.02E+15,14,13,20,20200,404000
35,2022/11/06,2.02E+15,32,34,10,20249,202490
36,2022/11/06,2.02E+15,14,13,20,20200,404000
37,2022/11/06,2.02E+15,32,32,10,20240,202400
38,2022/11/06,2.02E+15,14,49,10,20100,201000
39,2022/11/06,2.02E+15,14,7,20,20200,404000
40,2022/11/06,2.02E+15,32,35,10,20200,202000
41,2022/11/06,2.02E+15,8,6,10,20000,200000
42,2022/11/06,2.02E+15,32,36,20,20100,402000
43,2022/11/06,2.02E+15,4,17,10,20299,202990
44,2022/11/06,2.02E+15,14,7,10,20399,203990
45,2022/11/06,2.02E+15,34,34,10,20000,200000
46,2022/11/06,2.02E+15,42,45,20,19890,397800
1,2022/11/07,2.02E+15,51,50,10,19999.9,199999
2,2022/11/07,2.02E+15,13,16,10,19612,196120
3,2022/11/07,2.02E+15,42,50,10,20097.5,200975
4,2022/11/07,2.02E+15,49,7,10,20099,200990
5,2022/11/07,2.02E+15,49,50,10,20098.9,200989
6,2022/11/07,2.02E+15,42,6,10,20060,200600
7,2022/11/07,2.02E+15,57,50,10,20050,200500
8,2022/11/07,2.02E+15,32,16,20,20010,400200
9,2022/11/07,2.02E+15,47,58,10,20300,203000
10,2022/11/07,2.02E+15,32,13,10,20010,200100
11,2022/11/07,2.02E+15,32,58,10,20010,200100
12,2022/11/07,2.02E+15,32,50,20,20010,400200
13,2022/11/07,2.02E+15,32,50,20,20010,400200
1,2022/11/08,2.02E+15,42,50,10,19600,196000
2,2022/11/08,2.02E+15,42,50,10,19600,196000
3,2022/11/08,2.02E+15,49,50,10,19650,196500
4,2022/11/08,2.02E+15,35,32,10,19690,196900
5,2022/11/08,2.02E+15,14,59,10,19600,196000
6,2022/11/08,2.02E+15,34,59,10,19600,196000
1,2022/11/09,2.02E+15,34,45,10,19490,194900
2,2022/11/09,2.02E+15,13,22,10,19220,192200
3,2022/11/09,2.02E+15,38,57,10,18850,188500
4,2022/11/09,2.02E+15,45,46,10,18826.1,188261
5,2022/11/09,2.02E+15,29,4,10,19208,192080
1,2022/11/10,2.02E+15,58,38,10,19480,194800
2,2022/11/10,2.02E+15,14,45,10,19200,192000
3,2022/11/10,2.02E+15,17,47,10,19103.1,191031
1,2022/11/13,2.02E+15,58,22,10,19200,192000
2,2022/11/13,2.02E+15,38,21,10,19100,191000
1,2022/11/15,2.02E+15,36,35,15,19600,294000
2,2022/11/15,2.02E+15,58,35,10,19600,196000
3,2022/11/15,2.02E+15,43,13,10,19505.5,195055
4,2022/11/15,2.02E+15,34,38,10,19505,195050
5,2022/11/15,2.02E+15,18,52,20,19583,391660
6,2022/11/15,2.02E+15,28,13,10,19584,195840
7,2022/11/15,2.02E+15,36,38,10,19583,195830
1,2022/11/16,2.02E+15,43,35,15,19891,298365
2,2022/11/16,2.02E+15,43,26,20,19891,397820
3,2022/11/16,2.02E+15,4,35,10,19900,199000
4,2022/11/16,2.02E+15,49,22,10,19998.8,199988
5,2022/11/16,2.02E+15,42,42,10,19992,199920
6,2022/11/16,2.02E+15,19,42,10,19900,199000
7,2022/11/16,2.02E+15,58,14,10,19992,199920
8,2022/11/16,2.02E+15,17,45,10,19992,199920
1,2022/11/17,2.02E+15,32,7,10,19700,197000
2,2022/11/17,2.02E+15,58,7,10,19800,198000
3,2022/11/17,2.02E+15,45,7,10,20189,201890
4,2022/11/17,2.02E+15,45,25,10,20200,202000
5,2022/11/17,2.02E+15,45,58,20,20200,404000
6,2022/11/17,2.02E+15,45,8,10,20180,201800
7,2022/11/17,2.02E+15,45,4,10,20175,201750
8,2022/11/17,2.02E+15,45,7,10,20174,201740
9,2022/11/17,2.02E+15,45,55,30,20100,603000
10,2022/11/17,2.02E+15,14,14,10,19750,197500
11,2022/11/17,2.02E+15,21,14,10,19750,197500
12,2022/11/17,2.02E+15,47,7,10,20099,200990
13,2022/11/17,2.02E+15,45,35,10,20035,200350
14,2022/11/17,2.02E+15,45,58,10,20020,200200
15,2022/11/17,2.02E+15,45,55,10,20000,200000
16,2022/11/17,2.02E+15,45,19,10,20000,200000
17,2022/11/17,2.02E+15,45,14,10,20000,200000
18,2022/11/17,2.02E+15,45,49,10,20000,200000
19,2022/11/17,2.02E+15,45,16,20,20000,400000
20,2022/11/17,2.02E+15,45,55,10,19995,199950
21,2022/11/17,2.02E+15,45,7,10,19994,199940
22,2022/11/17,2.02E+15,58,55,10,19950,199500
23,2022/11/17,2.02E+15,45,55,10,19900,199000
24,2022/11/17,2.02E+15,36,44,10,19700,197000
25,2022/11/17,2.02E+15,36,29,10,19990,199900
26,2022/11/17,2.02E+15,42,29,10,19990,199900
27,2022/11/17,2.02E+15,53,6,10,19700,197000
28,2022/11/17,2.02E+15,6,50,10,19600,196000
29,2022/11/17,2.02E+15,34,29,10,19891,198910
30,2022/11/17,2.02E+15,34,29,10,19891,198910
31,2022/11/17,2.02E+15,1,55,10,19893,198930
32,2022/11/17,2.02E+15,6,55,10,19990,199900
33,2022/11/17,2.02E+15,36,55,10,20000,200000
1,2022/11/22,2.02E+15,14,52,20,18601,372020
2,2022/11/22,2.02E+15,32,52,10,18602,186020
3,2022/11/22,2.02E+15,44,42,15,18777,281655
4,2022/11/22,2.02E+15,14,44,10,18777,187770
5,2022/11/22,2.02E+15,44,45,40,18890,755600
6,2022/11/22,2.02E+15,44,29,10,18920,189200
7,2022/11/22,2.02E+15,44,28,10,19306,193060
1,2022/11/23,2.02E+15,17,34,10,18600,186000
2,2022/11/23,2.02E+15,17,43,10,18600,186000
1,2022/11/24,2.02E+15,13,49,10,18600,186000
1,2022/11/27,2.02E+15,14,35,50,18700,935000
2,2022/11/27,2.02E+15,32,58,10,18600,186000
3,2022/11/27,2.02E+15,14,5,10,18600,186000
4,2022/11/27,2.02E+15,14,14,20,18972,379440
5,2022/11/27,2.02E+15,14,18,10,18972,189720
6,2022/11/27,2.02E+15,14,6,10,18972,189720
7,2022/11/27,2.02E+15,14,58,30,18972,569160
8,2022/11/27,2.02E+15,14,45,50,18950,947500
9,2022/11/27,2.02E+15,14,33,10,18940,189400
1,2022/11/28,2.02E+15,58,36,10,18500,185000
2,2022/11/28,2.02E+15,13,5,19,18600,353400
1,2022/11/29,2.02E+15,14,45,10,18184,181840
2,2022/11/29,2.02E+15,14,45,20,18555,371100
3,2022/11/29,2.02E+15,34,45,20,18192,363840
4,2022/11/29,2.02E+15,42,52,10,17836,178360
5,2022/11/29,2.02E+15,37,52,10,18050,180500
6,2022/11/29,2.02E+15,17,45,10,18200,182000
7,2022/11/29,2.02E+15,17,45,10,18300,183000
8,2022/11/29,2.02E+15,13,45,10,18130,181300
9,2022/11/29,2.02E+15,42,45,10,18130,181300
1,2022/12/01,2.02E+15,14,14,10,18415,184150
2,2022/12/01,2.02E+15,14,45,10,18415,184150
3,2022/12/01,2.02E+15,58,14,10,18054,180540
1,2022/12/04,2.02E+15,58,6,10,18500,185000
2,2022/12/04,2.02E+15,58,37,10,18416,184160
3,2022/12/04,2.02E+15,14,37,10,18500,185000
